@string{aistats = {International Conference on Artificial Intelligence and Statistics}}
@string{ap      = {Academic Press Inc.}}
@string{apa     = {American Psychological Association}}
@string{cc      = {Cerebral Cortex}}
@string{con     = {Current Opinion in Neurobiology}}
@string{fin     = {Frontiers in Neuroscience}}
@string{fins    = {Frontiers in Systems Neuroscience}}
@string{hbm     = {Human Brain Mapping}}
@string{iclr    = {International Conference on Learning Representations}}
@string{jad     = {Journal of Affective Disorders}}
@string{jasa    = {Journal of the American Statistical Association}}
@string{jmlr    = {Journal of Machine Learning Research}}
@string{jon     = {Journal of Neuroscience}}
@string{jpn     = {Journal of Psychiatry and Neuroscience}}
@string{nas     = {National Academy of Sciences}}
@string{neurips = {Advances in Neural Information Processing Systems}}
@string{nc      = {Nature Communications}}
@string{ni      = {NeuroImage}}
@string{nrn     = {Nature Reviews Neuroscience}}
@string{oup     = {Oxford University Press}}
@string{pnas    = {Proceedings of the National Academy of Sciences}}
@string{pnasj   = {Proceedings of the National Academy of Sciences of the United States of America}}
@string{pps     = {Perspectives on Psychological Science}}
@string{sage    = {SAGE Publications Inc.}}
@string{sp      = {SAGE Publications Ltd}}
@string{tics    = {Trends in Cognitive Sciences}}

%%%%%%%%%%%%%%%%%%%%%%%%%%%%%%%%%

@article{Abrol2016,
    author          =   {Abrol, Anees and Chaze, Charlotte and Damaraju, Eswar and Calhoun, Vince D.},
    doi             =   {10.1109/EMBC.2016.7591989},
    isbn            =   {9781457702204},
    issn            =   {1557170X},
    journal         =   {Proceedings of the Annual International Conference of the IEEE Engineering in Medicine and Biology Society, EMBS},
    month           =   {10},
    pages           =   {5571--5574},
    pmid            =   {28269517},
    publisher       =   {Institute of Electrical and Electronics Engineers Inc.},
    title           =   {{The chronnectome: Evaluating replicability of dynamic connectivity patterns in 7500 resting fMRI datasets}},
    volume          =   {2016-October},
    year            =   {2016}
}
@article{Abrol2017,
    author          =   {Abrol, Anees and Damaraju, Eswar and Miller, Robyn L. and Stephen, Julia M. and Claus, Eric D. and Mayer, Andrew R. and Calhoun, Vince D.},
    doi             =   {10.1016/j.neuroimage.2017.09.020},
    issn            =   {10959572},
    journal         =   ni,
    month           =   dec,
    pages           =   {160--176},
    pmid            =   {28916181},
    publisher       =   ap,
    title           =   {{Replicability of time-varying connectivity patterns in large resting state fMRI samples}},
    volume          =   {163},
    year            =   {2017}
}
@inproceedings{Adam2020,
    archivePrefix   =   {arXiv},
    arxivId         =   {2001.05363v1},
    author          =   {Adam, Vincent and Eleftheriadis, Stefanos and Durrande, Nicolas and Artemev, Artem and Hensman, James},
    eprint          =   {2001.05363v1},
    booktitle       =   aistats,
    title           =   {{Doubly Sparse Variational Gaussian Processes}},
    year            =   {2020}
}
@article{Ahrends2022,
    author          =   {Ahrends, C and Stevner, A and Pervaiz, U and Kringelbach, ML and Vuust, P and Woolrich, MW and Vidaurre, D},
    doi             =   {10.1016/j.neuroimage.2022.119026},
    issn            =   {10538119},
    journal         =   ni,
    month           =   {may},
    pages           =   {119026},
    pmid            =   {35217207},
    publisher       =   ap,
    title           =   {{Data and model considerations for estimating time-varying functional connectivity in fMRI}},
    volume          =   {252},
    year            =   {2022}
}
@article{Akiskal1973,
    author          =   {Akiskal, Hagop S. and McKinney, William T.},
    doi             =   {10.1126/science.182.4107.20},
    issn            =   {00368075},
    journal         =   {Science},
    month           =   oct,
    number          =   {4107},
    pages           =   {20--29},
    pmid            =   {4199732},
    publisher       =   {American Association for the Advancement of Science},
    title           =   {{Depressive disorders: Toward a unified hypothesis}},
    volume          =   {182},
    year            =   {1973}
}
@article{Albert2015,
    author              =   {Albert, Paul R.},
    doi                 =   {10.1503/JPN.150205},
    issn                =   {14882434},
    journal             =   jpn,
    month               =   jul,
    number              =   {4},
    pages               =   {219},
    pmid                =   {26107348},
    publisher           =   {Canadian Medical Association},
    title               =   {{Why is depression more prevalent in women?}},
    url                 =   {/pmc/articles/PMC4478054/ https://www.ncbi.nlm.nih.gov/pmc/articles/PMC4478054/},
    volume              =   {40},
    year                =   {2015}
}
@article{Allen2014,
    author          =   {Allen, Elena A. and Damaraju, Eswar and Plis, Sergey M. and Erhardt, Erik B. and Eichele, Tom and Calhoun, Vince D.},
    doi             =   {10.1093/cercor/bhs352},
    issn            =   {10473211},
    journal         =   cc,
    keywords        =   {dynamics,fMRI,functional connectivity,independent component analysis,intrinsic activity,resting state,state variability},
    month           =   mar,
    number          =   {3},
    pages           =   {663--676},
    pmid            =   {23146964},
    publisher       =   {Cereb Cortex},
    title           =   {{Tracking whole-brain connectivity dynamics in the resting state}},
    url             =   {https://pubmed.ncbi.nlm.nih.gov/23146964/},
    volume          =   {24},
    year            =   {2014}
}
@article{Anastasiou2022,
    author      =   {Anastasiou, Andreas and Cribben, Ivor and Fryzlewicz, Piotr},
    doi         =   {10.1016/j.media.2021.102252},
    issn        =   {13618423},
    journal     =   {Medical Image Analysis},
    keywords    =   {Change-point analysis,Dynamic functional connectivity,Networks,Time varying connectivity,fMRI},
    month       =   jan,
    pages       =   {102252},
    pmid        =   {34700242},
    publisher   =   {Elsevier},
    title       =   {{Cross-covariance isolate detect: A new change-point method for estimating dynamic functional connectivity}},
    volume      =   {75},
    year        =   {2022}
}
@article{Aquino2022,
    author          =   {Aquino, Kevin M. and Fulcher, Ben and Oldham, Stuart and Parkes, Linden and Gollo, Leonardo and Deco, Gustavo and Fornito, Alex},
    doi             =   {10.1016/J.NEUROIMAGE.2022.119051},
    issn            =   {1053-8119},
    journal         =   ni,
    month           =   aug,
    pages           =   {119051},
    publisher       =   ap,
    title           =   {{On the intersection between data quality and dynamical modelling of large-scale fMRI signals}},
    volume          =   {256},
    year            =   {2022}
}
@article{Avery2014,
    author          =   {Avery, Jason A. and Drevets, Wayne C. and Moseman, Scott E. and Bodurka, Jerzy and Barcalow, Joel C. and Simmons, W. Kyle},
    doi             =   {10.1016/J.BIOPSYCH.2013.11.027},
    issn            =   {1873-2402},
    journal         =   {Biological psychiatry},
    keywords        =   {Adult,Attention / physiology*,Brain / physiopathology,Brain Mapping,Cerebral Cortex / physiopathology*,Depressive Disorder,Extramural,Female,Humans,Interoception / physiology*,Jason A Avery,MEDLINE,Magnetic Resonance Imaging,Major / physiopathology*,Male,Middle Aged,N.I.H.,NCBI,NIH,NLM,National Center for Biotechnology Information,National Institutes of Health,National Library of Medicine,Nerve Net / physiopathology*,Non-U.S. Gov't,PMC4048794,PubMed Abstract,Research Support,W Kyle Simmons,Wayne C Drevets,Young Adult,doi:10.1016/j.biopsych.2013.11.027,pmid:24387823},
    month           =   aug,
    number          =   {3},
    pages           =   {258--266},
    pmid            =   {24387823},
    publisher       =   {Biol Psychiatry},
    title           =   {{Major depressive disorder is associated with abnormal interoceptive activity and functional connectivity in the insula}},
    url             =   {https://pubmed.ncbi.nlm.nih.gov/24387823/},
    volume          =   {76},
    year            =   {2014}
}

%%%%%%%%%%%%%%%%%%%%%%%%%%%%%%%%%

@article{Bassett2009,
    author          =   {Bassett, Danielle S. and Bullmore, Edward T.},
    booktitle       =   {Current Opinion in Neurology},
    doi             =   {10.1097/WCO.0b013e32832d93dd},
    issn            =   {13507540},
    keywords        =   {Graph,Modularity,Network,Small world,Wiring cost},
    number          =   {4},
    pages           =   {340--347},
    pmid            =   {19494774},
    title           =   {{Human brain networks in health and disease}},
    volume          =   {22},
    year            =   {2009}
}
@article{Bassett2011,
    title           =   {Dynamic reconfiguration of human brain networks during learning},
    author          =   {Bassett, Danielle S and Wymbs, Nicholas F and Porter, Mason A and Mucha, Peter J and Carlson, Jean M and Grafton, Scott T},
    journal         =   pnasj,
    volume          =   {108},
    number          =   {18},
    pages           =   {7641--7646},
    year            =   {2011},
    publisher       =   nas
}
@article{Bastos2016,
    author          =   {Bastos, Andr{\'{e}} M. and Schoffelen, Jan Mathijs},
    booktitle       =   fisn,
    doi             =   {10.3389/fnsys.2015.00175},
    issn            =   {16625137},
    keywords        =   {Coherence analysis,Electrophysiology,Functional connectivity (FC),Granger causality,Oscillations,Phase synchronization},
    month           =   jan,
    number          =   {JAN2016},
    pages           =   {175},
    publisher       =   {Frontiers Research Foundation},
    title           =   {{A tutorial review of functional connectivity analysis methods and their interpretational pitfalls}},
    volume          =   {9},
    year            =   {2016}
}
@inproceedings{Bauer2016,
    archivePrefix   =   {arXiv},
    arxivId         =   {1606.04820},
    author          =   {Bauer, Matthias and {van der Wilk}, Mark and Rasmussen, Carl Edward},
    booktitle       =   neurips,
    eprint          =   {1606.04820},
    issn            =   {10495258},
    pages           =   {1533--1541},
    title           =   {{Understanding probabilistic sparse Gaussian Process approximations}},
    url             =   {http://www.gatsby.ucl.ac.uk/},
    year            =   {2016}
}
@inproceedings{Bell2021,
    author          =   {Bell, Samuel J. and Kampman, Onno P.},
    booktitle       =   {ICLR 2021},
    pages           =   {1--7},
    title           =   {{Perspectives on machine learning from psychology's reproducibility crisis}},
    year            =   {2021}
}
@article{Bennett2018,
    author          =   {Bennett, Daniel and Niv, Yael},
    title           =   {Opening Burton's Clock: Psychiatric insights from computational cognitive models},
    year            =   {2018},
    publisher       =   {PsyArXiv}
}
@article{Berman2011,
    author          =   {Berman, Marc G. and Peltier, Scott and Nee, Derek Evan and Kross, Ethan and Deldin, Patricia J. and Jonides, John},
    doi             =   {10.1093/SCAN/NSQ080},
    issn            =   {17495016},
    journal         =   {Social Cognitive and Affective Neuroscience},
    keywords        =   {Default network,Depression,Functional magnetic resonance imaging,Rumination,Subgenual cingulate},
    month           =   oct,
    number          =   {5},
    pages           =   {548},
    pmid            =   {20855296},
    publisher       =   oup,
    title           =   {{Depression, rumination and the default network}},
    url             =   {/pmc/articles/PMC3190207/ /pmc/articles/PMC3190207/?report=abstract https://www.ncbi.nlm.nih.gov/pmc/articles/PMC3190207/},
    volume          =   {6},
    year            =   {2011}
}
@book{Bishop2006,
    author          =   {Bishop, Christopher M. and Nasrabadi, Nasser M.},
    title           =   {Pattern recognition and machine learning},
    volume          =   {4},
    number          =   {4},
    year            =   {2006},
    publisher       =   {Springer}
}
@article{Blei2017,
    author          =   {Blei, David M and Kucukelbir, Alp and McAuliffe, Jon D},
    title           =   {Variational inference: A review for statisticians},
    journal         =   jasa,
    volume          =   {112},
    number          =   {518},
    pages           =   {859--877},
    year            =   {2017},
    publisher       =   {Taylor \& Francis}
}
@article{Botvinik-Nezer2020,
    author      =   {Botvinik-Nezer, Rotem and Holzmeister, Felix and Camerer, Colin F. and Dreber, Anna and Huber, Juergen and Johannesson, Magnus and Kirchler, Michael and Iwanir, Roni and Mumford, Jeanette A. and Adcock, R. Alison and Avesani, Paolo and Baczkowski, Blazej M. and Bajracharya, Aahana and Bakst, Leah and Ball, Sheryl and Barilari, Marco and Bault, Nad{\`{e}}ge and Beaton, Derek and Beitner, Julia and Benoit, Roland G. and Berkers, Ruud M.W.J. and Bhanji, Jamil P. and Biswal, Bharat B. and Bobadilla-Suarez, Sebastian and Bortolini, Tiago and Bottenhorn, Katherine L. and Bowring, Alexander and Braem, Senne and Brooks, Hayley R. and Brudner, Emily G. and Calderon, Cristian B. and Camilleri, Julia A. and Castrellon, Jaime J. and Cecchetti, Luca and Cieslik, Edna C. and Cole, Zachary J. and Collignon, Olivier and Cox, Robert W. and Cunningham, William A. and Czoschke, Stefan and Dadi, Kamalaker and Davis, Charles P. and Luca, Alberto De and Delgado, Mauricio R. and Demetriou, Lysia and Dennison, Jeffrey B. and Di, Xin and Dickie, Erin W. and Dobryakova, Ekaterina and Donnat, Claire L. and Dukart, Juergen and Duncan, Niall W. and Durnez, Joke and Eed, Amr and Eickhoff, Simon B. and Erhart, Andrew and Fontanesi, Laura and Fricke, G. Matthew and Fu, Shiguang and Galv{\'{a}}n, Adriana and Gau, Remi and Genon, Sarah and Glatard, Tristan and Glerean, Enrico and Goeman, Jelle J. and Golowin, Sergej A.E. and Gonz{\'{a}}lez-Garc{\'{i}}a, Carlos and Gorgolewski, Krzysztof J. and Grady, Cheryl L. and Green, Mikella A. and {Guassi Moreira}, Jo{\~{a}}o F. and Guest, Olivia and Hakimi, Shabnam and Hamilton, J. Paul and Hancock, Roeland and Handjaras, Giacomo and Harry, Bronson B. and Hawco, Colin and Herholz, Peer and Herman, Gabrielle and Heunis, Stephan and Hoffstaedter, Felix and Hogeveen, Jeremy and Holmes, Susan and Hu, Chuan Peng and Huettel, Scott A. and Hughes, Matthew E. and Iacovella, Vittorio and Iordan, Alexandru D. and Isager, Peder M. and Isik, Ayse I. and Jahn, Andrew and Johnson, Matthew R. and Johnstone, Tom and Joseph, Michael J.E. and Juliano, Anthony C. and Kable, Joseph W. and Kassinopoulos, Michalis and Koba, Cemal and Kong, Xiang Zhen and Koscik, Timothy R. and Kucukboyaci, Nuri Erkut and Kuhl, Brice A. and Kupek, Sebastian and Laird, Angela R. and Lamm, Claus and Langner, Robert and Lauharatanahirun, Nina and Lee, Hongmi and Lee, Sangil and Leemans, Alexander and Leo, Andrea and Lesage, Elise and Li, Flora and Li, Monica Y.C. and Lim, Phui Cheng and Lintz, Evan N. and Liphardt, Schuyler W. and {Losecaat Vermeer}, Annabel B. and Love, Bradley C. and Mack, Michael L. and Malpica, Norberto and Marins, Theo and Maumet, Camille and McDonald, Kelsey and McGuire, Joseph T. and Melero, Helena and {M{\'{e}}ndez Leal}, Adriana S. and Meyer, Benjamin and Meyer, Kristin N. and Mihai, Glad and Mitsis, Georgios D. and Moll, Jorge and Nielson, Dylan M. and Nilsonne, Gustav and Notter, Michael P. and Olivetti, Emanuele and Onicas, Adrian I. and Papale, Paolo and Patil, Kaustubh R. and Peelle, Jonathan E. and P{\'{e}}rez, Alexandre and Pischedda, Doris and Poline, Jean Baptiste and Prystauka, Yanina and Ray, Shruti and Reuter-Lorenz, Patricia A. and Reynolds, Richard C. and Ricciardi, Emiliano and Rieck, Jenny R. and Rodriguez-Thompson, Anais M. and Romyn, Anthony and Salo, Taylor and Samanez-Larkin, Gregory R. and Sanz-Morales, Emilio and Schlichting, Margaret L. and Schultz, Douglas H. and Shen, Qiang and Sheridan, Margaret A. and Silvers, Jennifer A. and Skagerlund, Kenny and Smith, Alec and Smith, David V. and Sokol-Hessner, Peter and Steinkamp, Simon R. and Tashjian, Sarah M. and Thirion, Bertrand and Thorp, John N. and Tingh{\"{o}}g, Gustav and Tisdall, Loreen and Tompson, Steven H. and Toro-Serey, Claudio and {Torre Tresols}, Juan Jesus and Tozzi, Leonardo and Truong, Vuong and Turella, Luca and {van ‘t Veer}, Anna E. and Verguts, Tom and Vettel, Jean M. and Vijayarajah, Sagana and Vo, Khoi and Wall, Matthew B. and Weeda, Wouter D. and Weis, Susanne and White, David J. and Wisniewski, David and Xifra-Porxas, Alba and Yearling, Emily A. and Yoon, Sangsuk and Yuan, Rui and Yuen, Kenneth S.L. and Zhang, Lei and Zhang, Xu and Zosky, Joshua E. and Nichols, Thomas E. and Poldrack, Russell A. and Schonberg, Tom},
    doi         =   {10.1038/s41586-020-2314-9},
    issn        =   {14764687},
    journal     =   {Nature},
    keywords    =   {Decision,Decision making,Human behaviour,Scientific community},
    month       =   jun,
    number      =   {7810},
    pages       =   {84--88},
    pmid        =   {32483374},
    publisher   =   {Nature Research},
    title       =   {{Variability in the analysis of a single neuroimaging dataset by many teams}},
    url         =   {https://doi.org/10.18112/openneuro.},
    volume      =   {582},
    year        =   {2020}
}
@article{Bressler2010,
    author          =   {Bressler, Steven L. and Menon, Vinod},
    doi             =   {10.1016/J.TICS.2010.04.004},
    issn            =   {1364-6613},
    journal         =   tics,
    month           =   jun,
    number          =   {6},
    pages           =   {277--290},
    pmid            =   {20493761},
    publisher       =   {Elsevier},
    title           =   {{Large-scale brain networks in cognition: emerging methods and principles}},
    url             =   {http://www.cell.com/article/S1364661310000896/fulltext http://www.cell.com/article/S1364661310000896/abstract https://www.cell.com/trends/cognitive-sciences/abstract/S1364-6613(10)00089-6},
    volume          =   {14},
    year            =   {2010}
}
@article{Bru1991,
    archivePrefix       =   {arXiv},
    arxivId             =   {1201.3256},
    author              =   {Bru, Marie-France},
    doi                 =   {10.1007/BF01259552},
    eprint              =   {1201.3256},
    issn                =   {08949840},
    journal             =   {Journal of Theoretical Probability},
    keywords            =   {Bessel process,Cameron Martin formulae,Wishart distribution,matrix diffusions,special matrix functions},
    month               =   oct,
    number              =   {4},
    pages               =   {725--751},
    publisher           =   {Kluwer Academic Publishers-Plenum Publishers},
    title               =   {{Wishart processes}},
    volume              =   {4},
    year                =   {1991}
}
@article{Bycroft2018,
    author              =   {Bycroft, Clare and Freeman, Colin and Petkova, Desislava and Band, Gavin and Elliott, Lloyd T. and Sharp, Kevin and Motyer, Allan and Vukcevic, Damjan and Delaneau, Olivier and O'Connell, Jared and Cortes, Adrian and Welsh, Samantha and Young, Alan and Effingham, Mark and McVean, Gil and Leslie, Stephen and Allen, Naomi and Donnelly, Peter and Marchini, Jonathan},
    doi                 =   {10.1038/s41586-018-0579-z},
    issn                =   {14764687},
    journal             =   {Nature},
    number              =   {7726},
    pages               =   {203--209},
    pmid                =   {30305743},
    title               =   {{The UK Biobank resource with deep phenotyping and genomic data}},
    volume              =   {562},
    year                =   {2018}
}

%%%%%%%%%%%%%%%%%%

@article{Cai2020,
    author              =   {Cai, Na and Revez, Joana A. and Adams, Mark J. and Andlauer, Till F.M. and Breen, Gerome and Byrne, Enda M. and Clarke, Toni Kim and Forstner, Andreas J. and Grabe, Hans J. and Hamilton, Steven P. and Levinson, Douglas F. and Lewis, Cathryn M. and Lewis, Glyn and Martin, Nicholas G. and Milaneschi, Yuri and Mors, Ole and M{\"{u}}ller-Myhsok, Bertram and Penninx, Brenda W.J.H. and Perlis, Roy H. and Pistis, Giorgio and Potash, James B. and Preisig, Martin and Shi, Jianxin and Smoller, Jordan W. and Streit, Fabien and Tiemeier, Henning and Uher, Rudolf and {Van der Auwera}, Sandra and Viktorin, Alexander and Weissman, Myrna M. and Kendler, Kenneth S. and Flint, Jonathan},
    doi                 =   {10.1038/s41588-020-0594-5},
    issn                =   {1546-1718},
    journal             =   {Nature Genetics 2020 52:4},
    keywords            =   {Computational biology and bioinformatics,Diseases,Genetics,Genome,Medical research,wide association studies},
    month               =   mar,
    number              =   {4},
    pages               =   {437--447},
    pmid                =   {32231276},
    publisher           =   {Nature Publishing Group},
    title               =   {{Minimal phenotyping yields genome-wide association signals of low specificity for major depression}},
    url                 =   {https://www.nature.com/articles/s41588-020-0594-5},
    volume              =   {52},
    year                =   {2020}
}
@article{Calhoun2014,
    author      =   {Calhoun, Vince D. and Miller, Robyn and Pearlson, Godfrey and Adali, Tulay},
    booktitle   =   {Neuron},
    doi         =   {10.1016/j.neuron.2014.10.015},
    issn        =   {10974199},
    month       =   oct,
    number      =   {2},
    pages       =   {262--274},
    pmid        =   {25374354},
    publisher   =   {Cell Press},
    title       =   {{The Chronnectome: Time-Varying Connectivity Networks as the Next Frontier in fMRI Data Discovery}},
    volume      =   {84},
    year        =   {2014}
}
@article{Chang2010,
    author      = {Chang, Catie and Glover, Gary H.},
    doi         = {10.1016/j.neuroimage.2009.12.011},
    issn        = {10538119},
    journal     = ni,
    keywords    = {Default mode network,Dynamics,Functional connectivity,Functional magnetic resonance imaging,Negative correlations,Networks,Nonstationarity,Resting state,Spontaneous activity,Wavelets},
    month       = mar,
    number      = {1},
    pages       = {81--98},
    pmid        = {20006716},
    publisher   = ap,
    title       = {{Time-frequency dynamics of resting-state brain connectivity measured with fMRI}},
    volume      = {50},
    year        = {2010}
}
@article{Choe2017,
    author      =   {Choe, Ann S. and Nebel, Mary Beth and Barber, Anita D. and Cohen, Jessica R. and Xu, Yuting and Pekar, James J. and Caffo, Brian S. and Lindquist, Martin A.},
    doi         =   {10.1016/j.neuroimage.2017.07.005},
    issn        =   {10959572},
    journal     =   ni,
    month       =   sep,
    pages       =   {155--175},
    pmid        =   {28687517},
    publisher   =   ap,
    title       =   {{Comparing test-retest reliability of dynamic functional connectivity methods}},
    volume      =   {158},
    year        =   {2017}
}
@article{Cicchetti1994,
    author      =   {Cicchetti, D.V.},
    title       =   {Guidelines, criteria, and rules of thumb for evaluating normed and standardized assessment instruments in psychology},
    journal     =   {Psychol. Assess.},
    year        =   {1994},
}
@article{Cole2010,
    author      =   {Cole, David M and Smith, Stephen M and Beckmann, Christian F},
    doi         =   {10.3389/FNSYS.2010.00008},
    issn        =   {1662-5137},
    journal     =   fisn,
    keywords    =   {Independent Component Analysis,fMRI,functional connectivity,networks,resting-state,seed-based correlations},
    pages       =   {8},
    publisher   =   {Frontiers},
    title       =   {{Advances and pitfalls in the analysis and interpretation of resting-state FMRI data}},
    volume      =   {0},
    year        =   {2010}
}
@article{Cole2014,
    author      =   {Cole, Michael W. and Repov{\v{s}}, Grega and Anticevic, Alan},
    booktitle   =   {Neuroscientist},
    doi         =   {10.1177/1073858414525995},
    issn        =   {10894098},
    keywords    =   {brain networks,cognitive control,executive functions,prefrontal cortex,psychiatric disease},
    number      =   {6},
    pages       =   {652--664},
    title       =   {{The frontoparietal control system: A central role in mental health}},
    volume      =   {20},
    year        =   {2014}
}
@article{Connolly2017,
    author      =   {Connolly, Colm G. and Ho, Tiffany C. and Blom, Eva Henje and LeWinn, Kaja Z. and Sacchet, Matthew D. and Tymofiyeva, Olga and Simmons, Alan N. and Yang, Tony T.},
    doi         =   {10.1016/J.JAD.2016.09.026},
    issn        =   {1573-2517},
    journal     =   jad,
    keywords    =   {Adolescent,Amygdala / diagnostic imaging,Amygdala / physiopathology*,Brain / diagnostic imaging,Brain / physiopathology,Case-Control Studies,Cerebral Cortex / diagnostic imaging,Cerebral Cortex / physiopathology,Colm G Connolly,Depression / diagnostic imaging,Depression / physiopathology*,Depression / psychology,Depressive Disorder,Disease Progression,Emotions,Female,Functional Neuroimaging,Humans,Longitudinal Studies,MEDLINE,Magnetic Resonance Imaging,Major / diagnostic imaging,Major / physiopathology*,Major / psychology,Male,NCBI,NIH,NLM,National Center for Biotechnology Information,National Institutes of Health,National Library of Medicine,Neural Pathways / diagnostic imaging,Neural Pathways / physiopathology,PMC5149416,Prefrontal Cortex / diagnostic imaging,Prefrontal Cortex / physiopathology*,PubMed Abstract,Rest,Self-Control,Severity of Illness Index,Tiffany C Ho,Tony T Yang,doi:10.1016/j.jad.2016.09.026,pmid:27716542},
    month       =   jan,
    pages       =   {86--94},
    pmid        =   {27716542},
    publisher   =   {J Affect Disord},
    title       =   {{Resting-state functional connectivity of the amygdala and longitudinal changes in depression severity in adolescent depression}},
    url         =   {https://pubmed.ncbi.nlm.nih.gov/27716542/},
    volume      =   {207},
    year        =   {2017}
}
@article{Cribben2012,
    author      =   {Cribben, Ivor and Haraldsdottir, Ragnheidur and Atlas, Lauren Y. and Wager, Tor D. and Lindquist, Martin A.},
    doi         =   {10.1016/J.NEUROIMAGE.2012.03.070},
    issn        =   {1053-8119},
    journal     =   ni,
    keywords    =   {Change point analysis,FMRI,Functional connectivity,Graphical lasso,Regression trees},
    month       =   jul,
    number      =   {4},
    pages       =   {907--920},
    pmid        =   {22484408},
    publisher   =   ap,
    title       =   {{Dynamic connectivity regression: Determining state-related changes in brain connectivity}},
    volume      =   {61},
    year        =   {2012}
}

%%%%%%%%%%%%%%%%%%%%%%%

@inproceedings{Dadashkarimi2021,
    author        =   {Dadashkarimi, Javid and Karbasi, Amin and Scheinost, Dustin},
    title         =   {Data-driven mapping between functional connectomes using optimal transport},
    booktitle     =   {International Conference on Medical Image Computing and Computer-Assisted Intervention},
    pages         =   {293--302},
    year          =   {2021},
    organization  =   {Springer},
    archivePrefix =   {arXiv},
    arxivId       =   {2107.01303v1}
}
@article{Dannlowski2009,
    author              =   {Dannlowski, Udo and Ohrmann, Patricia and Konrad, Carsten and Domschke, Katharina and Bauer, Jochen and Kugel, Harald and Hohoff, Christa and Sch{\"{o}}ning, Sonja and Kersting, Anette and Baune, Bernhard T. and Mortensen, Lena S. and Arolt, Volker and Zwitserlood, Pienie and Deckert, Jrgen and Heindel, Walter and Suslow, Thomas},
    doi                 =   {10.1017/S1461145708008973},
    issn                =   {1461-1457},
    journal             =   {International Journal of Neuropsychopharmacology},
    keywords            =   {Genetics,Major depression,Monoamine oxidase A,monoamine oxidase a,prefrontal cortex},
    month               =   feb,
    number              =   {1},
    pages               =   {11--22},
    pmid                =   {18544183},
    publisher           =   {Oxford Academic},
    title               =   {{Reduced amygdala–prefrontal coupling in major depression: association with MAOA genotype and illness severity}},
    url                 =   {https://academic.oup.com/ijnp/article/12/1/11/627021},
    volume              =   {12},
    year                =   {2009}
}
@article{Davis2020,
    author              =   {Davis, Katrina A. S. and Coleman, Jonathan R. I. and Adams, Mark and Allen, Naomi and Breen, Gerome and Cullen, Breda and Dickens, Chris and Fox, Elaine and Graham, Nick and Holliday, Jo and Howard, Louise M. and John, Ann and Lee, William and McCabe, Rose and McIntosh, Andrew and Pearsall, Robert and Smith, Daniel J. and Sudlow, Cathie and Ward, Joey and Zammit, Stan and Hotopf, Matthew},
    doi                 =   {10.1192/BJO.2019.100},
    journal             =   {BJPsych Open},
    month               =   mar,
    number              =   {2},
    pmid                =   {32026800},
    publisher           =   {Royal College of Psychiatrists},
    title               =   {{Mental health in UK Biobank – development, implementation and results from an online questionnaire completed by 157 366 participants: a reanalysis}},
    url                 =   {/pmc/articles/PMC7176892/ /pmc/articles/PMC7176892/?report=abstract https://www.ncbi.nlm.nih.gov/pmc/articles/PMC7176892/},
    volume              =   {6},
    year                =   {2020}
}
@article{Deco2014,
    author              =   {Deco, Gustavo and Kringelbach, Morten L.},
    booktitle           =   {Neuron},
    doi                 =   {10.1016/j.neuron.2014.08.034},
    issn                =   {10974199},
    month               =   dec,
    number              =   {5},
    pages               =   {892--905},
    pmid                =   {25475184},
    publisher           =   {Cell Press},
    title               =   {{Great expectations: Using whole-brain computational connectomics for understanding neuropsychiatric disorders}},
    volume              =   {84},
    year                =   {2014}
}
@book{Deisenroth2019,
    author              =   {Deisenroth, Marc Peter and Faisal, A Aldo and Ong, Cheng Soon},
    publisher           =   {Cambridge University Press},
    title               =   {Mathematics for Machine Learning},
    year                =   {2020}
}
@article{Demirtas2016,
    author              =   {Demirtaş, Murat and Tornador, Cristian and Falc{\'{o}}n, Carles and L{\'{o}}pez-Sol{\`{a}}, Marina and Hern{\'{a}}ndez-Ribas, Rosa and Pujol, Jes{\'{u}}s and Mench{\'{o}}n, Jos{\'{e}} M. and Ritter, Petra and Cardoner, Narcis and Soriano-Mas, Carles and Deco, Gustavo},
    doi                 =   {10.1002/hbm.23215},
    issn                =   {10970193},
    journal             =   hbm,
    keywords            =   {dynamic functional connectivity,fMRI,major depressive disorder,mood disorders,resting state},
    month               =   aug,
    number              =   {8},
    pages               =   {2918--2930},
    pmid                =   {27120982},
    publisher           =   {John Wiley & Sons, Ltd},
    title               =   {{Dynamic functional connectivity reveals altered variability in functional connectivity among patients with major depressive disorder}},
    url                 =   {https://onlinelibrary.wiley.com/doi/full/10.1002/hbm.23215 https://onlinelibrary.wiley.com/doi/abs/10.1002/hbm.23215 https://onlinelibrary.wiley.com/doi/10.1002/hbm.23215},
    volume              =   {37},
    year                =   {2016}
}
@article{Di2015,
    author              =   {Di, Xin and Fu, Zening and Chan, Shing Chow and Hung, Yeung Sam and Biswal, Bharat B and Zhang, Zhiguo},
    doi                 =   {10.3389/fnhum.2015.00543},
    issn                =   {16625161},
    journal             =   {Frontiers in Human Neuroscience},
    keywords            =   {Dynamic connectivity,Functional connectivity,Sliding window,Time-varying correlation coefficient,Visual system},
    number              =   {SEPTEMBER},
    pages               =   {543},
    title               =   {{Task-related functional connectivity dynamics in a block-designed visual experiment}},
    url                 =   {www.frontiersin.org},
    volume              =   {9},
    year                =   {2015}
}
@book{Dienes2008,
    author              =   {Dienes, Zoltan},
    title               =   {Understanding psychology as a science: An introduction to scientific and statistical inference},
    year                =   {2008},
    publisher           =   {Springer}
}
@article{Drevets2008,
    author              =   {Drevets, Wayne C. and Savitz, Jonathan and Trimble, Michael},
    doi                 =   {10.1017/S1092852900013754},
    issn                =   {10928529},
    journal             =   {CNS spectrums},
    number              =   {8},
    pages               =   {663},
    pmid                =   {18704022},
    publisher           =   {NIH Public Access},
    title               =   {{The Subgenual Anterior Cingulate Cortex in Mood Disorders}},
    url                 =   {/pmc/articles/PMC2729429/ /pmc/articles/PMC2729429/?report=abstract https://www.ncbi.nlm.nih.gov/pmc/articles/PMC2729429/},
    volume              =   {13},
    year                =   {2008}
}
@article{Drysdale2017,
    author              =   {Drysdale, Andrew T. and Grosenick, Logan and Downar, Jonathan and Dunlop, Katharine and Mansouri, Farrokh and Meng, Yue and Fetcho, Robert N. and Zebley, Benjamin and Oathes, Desmond J. and Etkin, Amit and Schatzberg, Alan F. and Sudheimer, Keith and Keller, Jennifer and Mayberg, Helen S. and Gunning, Faith M. and Alexopoulos, George S. and Fox, Michael D. and Pascual-Leone, Alvaro and Voss, Henning U. and Casey, B. J. and Dubin, Marc J. and Liston, Conor},
    doi                 =   {10.1038/nm.4246},
    issn                =   {1546170X},
    journal             =   {Nature Medicine},
    keywords            =   {Depression,Diagnostic markers,Predictive markers},
    month               =   jan,
    number              =   {1},
    pages               =   {28--38},
    pmid                =   {27918562},
    publisher           =   {Nature Publishing Group},
    title               =   {{Resting-state connectivity biomarkers define neurophysiological subtypes of depression}},
    volume              =   {23},
    year                =   {2017}
}
@article{Du2021,
    author          =   {Du, Mengjiao and Zhang, Li and Li, Linling and Ji, Erni and Han, Xue and Huang, Gan and Liang, Zhen and Shi, Li and Yang, Haichen and Zhang, Zhiguo},
    doi             =   {10.1016/j.jad.2021.04.005},
    issn            =   {15732517},
    journal         =   jad,
    keywords        =   {Dynamic functional connectivity,bipolar disorder,functional magnetic resonance imaging,resting-state networks,zero-inflated Poisson regression},
    month           =   jun,
    pages           =   {7--15},
    publisher       =   {Elsevier B.V.},
    title           =   {{Abnormal transitions of dynamic functional connectivity states in bipolar disorder: A whole-brain resting-state fMRI study}},
    url             =   {https://pubmed.ncbi.nlm.nih.gov/33906006/},
    volume          =   {289},
    year            =   {2021}
}
@thesis{Duvenaud2014,
    author          =   {Duvenaud, David},
    title           =   {Automatic model construction with Gaussian processes},
    type            =   {PhD thesis},
    year            =   {2014},
    month           =   jun,
    institution     =   {University of Cambridge},
    doi             =   {https://doi.org/10.17863/CAM.14087}
}

%%%%%%%%%%%%%%%%%%%%%%%%%%%%%%%%%%%%%%%%%%%%

@article{Ebrahimi2020,
    archivePrefix   =   {arXiv},
    arxivId         =   {2006.05572v2},
    author          =   {Ebrahimi, Mohammadreza and Calarco, Navona and Campbell, Kieran and Hawco, Colin and Voineskos, Aristotle and Khisti, Ashish},
    eprint          =   {2006.05572v2},
    title           =   {{Time-Resolved fMRI Shared Response Model using Gaussian Process Factor Analysis}},
    year            =   {2020}
}
@article{Elliott2021,
    author          =   {Elliott, Maxwell L. and Knodt, Annchen R. and Hariri, Ahmad R.},
    doi             =   {10.1016/j.tics.2021.05.008},
    issn            =   {13646613},
    journal         =   tics,
    month           =   jun,
    publisher       =   {Elsevier Current Trends},
    title           =   {{Striving toward translation: strategies for reliable fMRI measurement}},
    url             =   {https://linkinghub.elsevier.com/retrieve/pii/S1364661321001297},
    year            =   {2021}
}
@article{Engle2002,
    title           =   {Dynamic conditional correlation: A simple class of multivariate generalized autoregressive conditional heteroskedasticity models},
    author          =   {Engle, Robert},
    journal         =   {Journal of Business \& Economic Statistics},
    volume          =   {20},
    number          =   {3},
    pages           =   {339--350},
    year            =   {2002},
    publisher       =   {Taylor \& Francis}
}
@article{Esposito2019,
    author          =   {Esposito, Roberto and Riuniti, A O Ospedali and Nord, Marche and Snyder, Abraham Z. and Filippi, Massimo and Spinelli, Edoardo G. and Cividini, Camilla and Agosta, Federica},
    doi             =   {10.3389/fnins.2019.00657},
    keywords        =   {Alzheimer's disease,Lewy bodies,Parkinson's disease,dementia,dynamic functional connectivity,fMRI,frontotemporal dementia,neurodegeneration},
    title           =   {{Resting State Dynamic Functional Connectivity in Neurodegenerative Conditions: A Review of Magnetic Resonance Imaging Findings}},
    url             =   {www.frontiersin.org},
    year            =   {2019}
}

%%%%%%%%%%%%%%%%%%%%%%%%%%%%%%%%%%%%%%%

@article{Faisal2008,
    author      =   {Faisal, A. Aldo and Selen, Luc P.J. and Wolpert, Daniel M.},
    booktitle   =   nrn,
    doi         =   {10.1038/nrn2258},
    issn        =   {1471003X},
    month       =   apr,
    number      =   {4},
    pages       =   {292--303},
    pmid        =   {18319728},
    title       =   {{Noise in the nervous system}},
    volume      =   {9},
    year        =   {2008}
}
@article{Fan2016,
    author      =   {Fan, Lingzhong and Li, Hai and Zhuo, Junjie and Zhang, Yu and Wang, Jiaojian and Chen, Liangfu and Yang, Zhengyi and Chu, Congying and Xie, Sangma and Laird, Angela R. and Fox, Peter T. and Eickhoff, Simon B. and Yu, Chunshui and Jiang, Tianzi},
    doi         =   {10.1093/CERCOR/BHW157},
    issn        =   {1047-3211},
    journal     =   cc,
    keywords    =   {brain,diffusion tensor imaging,functional characterization,maps,resting-state functional connectivity},
    month       =   aug,
    number      =   {8},
    pages       =   {3508--3526},
    pmid        =   {27230218},
    publisher   =   {Oxford Academic},
    title       =   {{The Human Brainnetome Atlas: A New Brain Atlas Based on Connectional Architecture}},
    url         =   {https://academic.oup.com/cercor/article/26/8/3508/2429104},
    volume      =   {26},
    year        =   {2016}
}
@article{Filippi2019,
    author      =   {Filippi, Massimo and Spinelli, Edoardo G. and Cividini, Camilla and Agosta, Federica},
    booktitle   =   fin,
    doi         =   {10.3389/fnins.2019.00657},
    issn        =   {1662453X},
    keywords    =   {Alzheimer's disease,Dementia,Dynamic functional connectivity,FMRI,Frontotemporal dementia,Lewy bodies,Neurodegeneration,Parkinson's disease},
    number      =   {JUN},
    title       =   {{Resting state dynamic functional connectivity in neurodegenerative conditions: A review of magnetic resonance imaging findings}},
    url         =   {www.frontiersin.org},
    volume      =   {13},
    year        =   {2019}
}
@article{Finn2015,
    author      =   {Finn, Emily S and Shen, Xilin and Scheinost, Dustin and Rosenberg, Monica D and Huang, Jessica and Chun, Marvin M and Papademetris, Xenophon and Constable, R Todd},
    doi         =   {10.1038/nn.4135},
    issn        =   {1546-1726},
    journal     =   {Nature Neuroscience 2015 18:11},
    keywords    =   {Neural circuits,Neuroscience},
    month       =   oct,
    number      =   {11},
    pages       =   {1664--1671},
    publisher   =   {Nature Publishing Group},
    title       =   {{Functional connectome fingerprinting: identifying individuals using patterns of brain connectivity}},
    url         =   {https://www.nature.com/articles/nn.4135},
    volume      =   {18},
    year        =   {2015}
}
@article{Finn2021,
    author      =   {Finn, Emily S.},
    doi         =   {10.1016/j.tics.2021.09.005},
    issn        =   {13646613},
    journal     =   tics,
    keywords    =   {brain-behavior prediction,functional connectivity,naturalistic tasks,resting state,task-based},
    pages       =   {1--12},
    publisher   =   {Elsevier Ltd},
    title       =   {{Is it time to put rest to rest?}},
    url         =   {https://doi.org/10.1016/j.tics.2021.09.005},
    year        =   {2021}
}
@article{Foti2019,
    author      =   {Foti, Nicholas J and Fox, Emily B},
    title       =   {Statistical model-based approaches for functional connectivity analysis of neuroimaging data},
    journal     =   con,
    volume      =   {55},
    pages       =   {48--54},
    year        =   {2019},
    publisher   =   {Elsevier}
}
@article{Fried2022,
    author      =   {Fried, Eiko I. and Flake, Jessica K. and Robinaugh, Donald J.},
    doi         =   {10.1038/s44159-022-00050-2},
    isbn        =   {0123456789},
    issn        =   {2731-0574},
    journal     =   {Nature Reviews Psychology 2022},
    keywords    =   {Depression,Human behaviour,Psychiatric disorders,Psychology},
    month       =   apr,
    pages       =   {1--11},
    publisher   =   {Nature Publishing Group},
    title       =   {{Revisiting the theoretical and methodological foundations of depression measurement}},
    url         =   {https://www.nature.com/articles/s44159-022-00050-2},
    year        =   {2022}
}

%%%%%%%%%%%%%%%%%%%%%%%%%%%%%%%%%%%%%%%%%

@Manual{Galanos2022,
    author      =   {Alexios Galanos},
    title       =   {rmgarch: Multivariate GARCH models.},
    year        =   {2022},
    note        =   {R package version 1.3-9.},
}
@article{George1994,
    title       =   {Prefrontal cortex dysfunction in clinical depression},
    author      =   {George, Mark S and Ketter, Terence A and Post, Robert M},
    journal     =   {Depression},
    volume      =   {2},
    number      =   {2},
    pages       =   {59--72},
    year        =   {1994},
    publisher   =   {Wiley Online Library}
}
@article{Gershman2010,
    author          =   {Gershman, Samuel J and Blei, David M and Niv, Yael},
    title           =   {Context, learning, and extinction.},
    journal         =   {Psychological review},
    volume          =   {117},
    number          =   {1},
    pages           =   {197},
    year            =   {2010},
    publisher       =   apa
}
@article{Gershman2019,
    archivePrefix   =   {arXiv},
    arxivId         =   {1901.07945},
    author          =   {Gershman, Samuel J.},
    eprint          =   {1901.07945},
    title           =   {{What does the free energy principle tell us about the brain?}},
    url             =   {http://arxiv.org/abs/1901.07945},
    year            =   {2019}
}
@article{Gillan2017,
    author          =   {Gillan, Claire M. and Whelan, Robert},
    title           =   {What big data can do for treatment in psychiatry},
    journal         =   {Current Opinion in Behavioral Sciences},
    volume          =   {18},
    pages           =   {34--42},
    year            =   {2017},
    publisher       =   {Elsevier}
}
@article{Glanville2021,
    author          =   {Glanville, Kylie P and Coleman, Jonathan R I and Howard, David M and Pain, Oliver and Hanscombe, Ken B and Jermy, Bradley and Arathimos, Ryan and H{\"{u}}bel, Christopher and Breen, Gerome and O'reilly, Paul F and Lewis, Cathryn M},
    doi             =   {10.1192/bjo.2020.145},
    keywords        =   {Depressive disorders,UK Biobank,classification,genetics,pro-spective health study},
    title           =   {{Multiple measures of depression to enhance validity of major depressive disorder in the UK Biobank}},
    url             =   {https://10.0.4.168/bjo.2020.145.},
    year            =   {2021}
}
@article{Glasser2016,
    archivePrefix   =   {arXiv},
    arxivId         =   {NIHMS150003},
    author          =   {Glasser, Matthew F.},
    doi             =   {10.1016/j.earlhumdev.2006.05.022},
    eprint          =   {NIHMS150003},
    isbn            =   {0378-3782},
    issn            =   {03783782},
    journal         =   {Nature},
    pmid            =   {24290892},
    title           =   {{A multi-modal parcellation of human cerebral cortex}},
    year            =   {2016}
}
@article{Glerean2012,
    author          =   {Glerean, Enrico and Salmi, Juha and Lahnakoski, Juha M. and J{\"{a}}{\"{a}}skel{\"{a}}inen, Iiro P. and Sams, Mikko},
    doi             =   {10.1089/brain.2011.0068},
    issn            =   {21580022},
    journal         =   {Brain Connectivity},
    keywords        =   {circular statistics,dynamic functional connectivity,fMRI,instantaneous,nonlinear time series analysis,phase synchronization},
    number          =   {2},
    pages           =   {91--101},
    pmid            =   {22559794},
    title           =   {{Functional Magnetic Resonance Imaging Phase Synchronization as a Measure of Dynamic Functional Connectivity}},
    volume          =   {2},
    year            =   {2012}
}
@article{Gong2015,
    author      =   {Gong, Qiyong and He, Yong},
    doi         =   {10.1016/J.BIOPSYCH.2014.08.009},
    issn        =   {0006-3223},
    journal     =   {Biological Psychiatry},
    keywords    =   {Connectivity,Connectome,Graph theory,Hub,Mood disorder,Network,Rich club},
    month       =   feb,
    number      =   {3},
    pages       =   {223--235},
    pmid        =   {25444171},
    publisher   =   {Elsevier},
    title       =   {{Depression, Neuroimaging and Connectomics: A Selective Overview}},
    volume      =   {77},
    year        =   {2015}
}
@article{Gonzalez-Castillo2015,
    author      =   {Gonzalez-Castillo, Javier and Hoy, Colin W. and Handwerker, Daniel A. and Robinson, Meghan E. and Buchanan, Laura C. and Saad, Ziad S. and Bandettini, Peter A.},
    doi         =   {10.1073/pnas.1501242112},
    issn        =   {10916490},
    journal     =   pnasj,
    keywords    =   {Classification,Cognitive states,Connectivity dynamics,FMRI,Functional connectivity states},
    month       =   jul,
    number      =   {28},
    pages       =   {8762--8767},
    pmid        =   {26124112},
    publisher   =   {National Academy of Sciences},
    title       =   {{Tracking ongoing cognition in individuals using brief, whole-brain functional connectivity patterns}},
    url         =   {www.pnas.org/cgi/doi/10.1073/pnas.1501242112},
    volume      =   {112},
    year        =   {2015}
}
@article{Griffiths2015,
    title       =   {Manifesto for a new (computational) cognitive revolution},
    author      =   {Griffiths, Thomas L.},
    journal     =   {Cognition},
    volume      =   {135},
    pages       =   {21--23},
    year        =   {2015},
    publisher   =   {Elsevier}
}
@article{Guest2021,
    author      =   {Guest, Olivia and Martin, Andrea E},
    doi         =   {10.1177/1745691620970585},
    issn        =   {17456924},
    journal     =   {Perspectives on Psychological Science},
    keywords    =   {computational model,open science,scientific inference,theoretical psychology},
    month       =   {jan},
    number      =   {4},
    pages       =   {789--802},
    pmid        =   {33482070},
    publisher   =   sage,
    title       =   {{How Computational Modeling Can Force Theory Building in Psychological Science}},
    url         =   {http://www.ncbi.nlm.nih.gov/pubmed/33482070},
    volume      =   {16},
    year        =   {2021}
}

%%%%%%%%%%%%%%%%%%%%%%%%%%%%%%%%%%%%%%%%%%%%%

@article{Hakimdavoodi2020,
    author      =   {Hakimdavoodi, Hamidreza and Amirmazlaghani, Maryam},
    doi         =   {10.1088/1741-2552/ab965b},
    issn        =   {17412552},
    journal     =   {Journal of Neural Engineering},
    keywords    =   {ADHD,GARCH model,Resting-State functional MRI,between-network connectivity,connectivity state,model assessment,within-network connectivity},
    month       =   jun,
    number      =   {3},
    pmid        =   {32454472},
    publisher   =   {Institute of Physics Publishing},
    title       =   {{Using Autoregressive-Dynamic Conditional Correlation Model with Residual Analysis to Extract Dynamic Functional Connectivity}},
    url         =   {https://pubmed.ncbi.nlm.nih.gov/32454472/},
    volume      =   {17},
    year        =   {2020}
}
@book{Hastie2009,
    title         =   {The elements of statistical learning: data mining, inference, and prediction},
    author        =   {Hastie, Trevor and Tibshirani, Robert and Friedman, Jerome H and Friedman, Jerome H},
    volume        =   {2},
    year          =   {2009},
    publisher     =   {Springer}
}
@inproceedings{Heaukulani2019,
    archivePrefix   =   {arXiv},
    arxivId         =   {1906.09360},
    author          =   {Heaukulani, Creighton and {van der Wilk}, Mark},
    booktitle       =   neurips,
    eprint          =   {1906.09360},
    issn            =   {10495258},
    pages           =   {4584--4594},
    title           =   {{Scalable Bayesian dynamic covariance modeling with variational Wishart and inverse Wishart processes}},
    url             =   {http://arxiv.org/abs/1906.09360},
    volume          =   {32},
    year            =   {2019}
}
@article{Hensman2013,
    author          =   {Hensman, James and Fusi, Nico{\`{i}} O and Lawrence, Neil D},
    title           =   {{Gaussian Processes for Big Data}},
    year            =   {2013}
}
@article{Hindriks2016,
    author          =   {Hindriks, R. and Adhikari, M. H. and Murayama, Y. and Ganzetti, M. and Mantini, D. and Logothetis, N. K. and Deco, G.},
    doi             =   {10.1016/j.neuroimage.2015.11.055},
    issn            =   {10959572},
    journal         =   ni,
    keywords        =   {Dynamic functional connectivity,Functional MRI,Resting state,Surrogate data},
    pages           =   {242--256},
    pmid            =   {26631813},
    publisher       =   {The Authors},
    title           =   {{Can sliding-window correlations reveal dynamic functional connectivity in resting-state fMRI?}},
    url             =   {http://dx.doi.org/10.1016/j.neuroimage.2015.11.055},
    volume          =   {127},
    year            =   {2016}
}
@article{Honari2019,
    author          =   {Honari, Hamed and Choe, Ann S. and Pekar, James J. and Lindquist, Martin A.},
    doi             =   {10.1016/j.neuroimage.2019.04.042},
    issn            =   {10959572},
    journal         =   ni,
    month           =   aug,
    pages           =   {37--48},
    pmid            =   {31022568},
    publisher       =   ap,
    title           =   {{Investigating the impact of autocorrelation on time-varying connectivity}},
    volume          =   {197},
    year            =   {2019}
}
@article{Howard2020,
    author      =   {Howard, David M. and Folkersen, Lasse and Coleman, Jonathan R.I. and Adams, Mark J. and Glanville, Kylie and Werge, Thomas and Hagenaars, Saskia P. and Han, Buhm and Porteous, David and Campbell, Archie and Clarke, Toni Kim and Breen, Gerome and Sullivan, Patrick F. and Wray, Naomi R. and Lewis, Cathryn M. and McIntosh, Andrew M.},
    doi         =   {10.1038/s41398-020-0848-0},
    issn        =   {21583188},
    journal     =   {Translational Psychiatry},
    keywords    =   {Depression,Genetics},
    month       =   may,
    number      =   {1},
    pages       =   {1--8},
    pmid        =   {32448866},
    publisher   =   {Nature Publishing Group},
    title       =   {{Genetic stratification of depression in UK Biobank}},
    url         =   {https://www.nature.com/articles/s41398-020-0848-0},
    volume      =   {10},
    year        =   {2020}
}
@article{Hutchison2013,
    author          =   {Hutchison, R. Matthew and Womelsdorf, Thilo and Allen, Elena A. and Bandettini, Peter A. and Calhoun, Vince D. and Corbetta, Maurizio and {Della Penna}, Stefania and Duyn, Jeff H. and Glover, Gary H. and Gonzalez-Castillo, Javier and Handwerker, Daniel A. and Keilholz, Shella D. and Kiviniemi, Vesa and Leopold, David A. and de Pasquale, Francesco and Sporns, Olaf and Walter, Martin and Chang, Catie},
    doi             =   {10.1016/j.neuroimage.2013.05.079},
    issn            =   {10538119},
    journal         =   ni,
    keywords        =   {Dynamics,Fluctuations,Functional MRI (fMRI),Functional connectivity,Resting state,Spontaneous activity},
    month           =   oct,
    pages           =   {360--378},
    pmid            =   {23707587},
    publisher       =   ap,
    title           =   {{Dynamic functional connectivity: Promise, issues, and interpretations}},
    volume          =   {80},
    year            =   {2013}
}
@article{Hutchison2015,
    author          =   {Hutchison, R Matthew and Morton, J Bruce},
    doi             =   {10.1523/JNEUROSCI.4638-14.2015},
    issn            =   {15292401},
    journal         =   jon,
    keywords        =   {Brain states,Cognitive control,FMRI,Neural noise,Resting state},
    number          =   {17},
    pages           =   {6849--6859},
    pmid            =   {25926460},
    title           =   {{Tracking the brain's functional coupling dynamics over development}},
    volume          =   {35},
    year            =   {2015}
}

%%%%%%%%%%%%%%%%%%%%%%%%%%%%%%%%%%%%%%%%%%

@article{Jenkinson2012,
    author      =   {Jenkinson, Mark and Beckmann, Christian F. and Behrens, Timothy E.J. and Woolrich, Mark W. and Smith, Stephen M.},
    doi         =   {10.1016/J.NEUROIMAGE.2011.09.015},
    issn        =   {10538119},
    journal     =   ni,
    keywords    =   {FSL,Software},
    month       =   aug,
    number      =   {2},
    pages       =   {782--790},
    title       =   {{FSL}},
    url         =   {https://linkinghub.elsevier.com/retrieve/pii/S1053811911010603},
    volume      =   {62},
    year        =   {2012}
}
@article{Jordan1999,
    author      =   {Jordan, Michael I and Saul, Lawrence K},
    keywords    =   {Bayesian networks,Boltzmann machines,approximate infer-ence,belief networks,graphical models,hidden Markov models,mean field methods,neural networks,probabilistic inference,variational methods},
    pages       =   {183--233},
    title       =   {{An Introduction to Variational Methods for Graphical Models}},
    volume      =   {37},
    year        =   {1999}
}

%%%%%%%%%%%%%%%%%%%%%%%%%%%%%%%%%%%%%%%%%%

@article{Kaiser2015,
    author              =   {Kaiser, Roselinde H. and Andrews-Hanna, Jessica R. and Wager, Tor D. and Pizzagalli, Diego A.},
    doi                 =   {10.1001/JAMAPSYCHIATRY.2015.0071},
    issn                =   {2168-6238},
    journal             =   {JAMA psychiatry},
    keywords            =   {Case-Control Studies,Depressive Disorder,Diego A Pizzagalli,Extramural,Frontal Lobe / physiopathology*,Functional Neuroimaging,Humans,Jessica R Andrews-Hanna,MEDLINE,Magnetic Resonance Imaging,Major / physiopathology*,Meta-Analysis,N.I.H.,NCBI,NIH,NLM,National Center for Biotechnology Information,National Institutes of Health,National Library of Medicine,Neural Pathways / physiopathology,Non-U.S. Gov't,PMC4456260,Parietal Lobe / physiopathology*,PubMed Abstract,Research Support,Rest / physiology*,Roselinde H Kaiser,doi:10.1001/jamapsychiatry.2015.0071,pmid:25785575},
    month               =   jun,
    number              =   {6},
    pages               =   {603--611},
    pmid                =   {25785575},
    publisher           =   {JAMA Psychiatry},
    title               =   {{Large-Scale Network Dysfunction in Major Depressive Disorder: A Meta-analysis of Resting-State Functional Connectivity}},
    url                 =   {https://pubmed.ncbi.nlm.nih.gov/25785575/},
    volume              =   {72},
    year                =   {2015}
}
@article{Kandilarova2018,
    author          =   {Kandilarova, Sevdalina and Stoyanov, Drozdstoy and Kostianev, Stefan and Specht, Karsten},
    doi             =   {10.3389/FPSYT.2018.00083},
    issn            =   {1664-0640},
    journal         =   {Frontiers in psychiatry},
    keywords        =   {Drozdstoy Stoyanov,Karsten Specht,MEDLINE,NCBI,NIH,NLM,National Center for Biotechnology Information,National Institutes of Health,National Library of Medicine,PMC5862800,PubMed Abstract,Sevdalina Kandilarova,doi:10.3389/fpsyt.2018.00083,pmid:29599728},
    month           =   mar,
    number          =   {MAR},
    pmid            =   {29599728},
    publisher       =   {Front Psychiatry},
    title           =   {{Altered Resting State Effective Connectivity of Anterior Insula in Depression}},
    url             =   {https://pubmed.ncbi.nlm.nih.gov/29599728/},
    volume          =   {9},
    year            =   {2018}
}
@article{Keilholz2013,
    author          =   {Keilholz, Shella D and Magnuson, Matthew E and ju Pan, Wen and Willis, Martha and Thompson, Garth J},
    doi             =   {10.1089/brain.2012.0115},
    issn            =   {21580022},
    journal         =   {Brain Connectivity},
    keywords        =   {dynamic,functional connectivity,resting state MRI,rodent,sliding window correlation somatosensory cortex},
    number          =   {1},
    pages           =   {31--40},
    title           =   {{Dynamic Properties of Functional Connectivity in the Rodent}},
    volume          =   {3},
    year            =   {2013}
}
@article{Keilholz2017,
    author          =   {Keilholz, Shella D. and Caballero-Gaudes, Cesar and Bandettini, Peter A. and Deco, Gustavo and Calhoun, Vince D.},
    doi             =   {10.1089/brain.2017.0543},
    title           =   {{Time-Resolved Resting-State Functional Magnetic Resonance Imaging Analysis: Current Status, Challenges, and New Directions}},
    url             =   {www.liebertpub.com/brain},
    year            =   {2017}
}
@article{Kessler1998,
    author          =   {Kessler, Ronald C. and Andrews, Gavin and Mroczek, Daniel and Ustun, Bedirhan and Wittchen, Hans-Ulrich},
    doi             =   {10.1002/MPR.47},
    issn            =   {1557-0657},
    journal         =   {International Journal of Methods in Psychiatric Research},
    keywords        =   {Composite International Diagnostic Interior (CIDI),diagnostic interviews,psychiatric diagnosis,psychometrics,screening scales},
    month           =   nov,
    number          =   {4},
    pages           =   {171--185},
    publisher       =   {John Wiley {\&} Sons, Ltd},
    title           =   {{The World Health Organization Composite International Diagnostic Interview short-form (CIDI-SF)}},
    url             =   {https://onlinelibrary.wiley.com/doi/full/10.1002/mpr.47 https://onlinelibrary.wiley.com/doi/abs/10.1002/mpr.47 https://onlinelibrary.wiley.com/doi/10.1002/mpr.47},
    volume          =   {7},
    year            =   {1998}
}
@inproceedings{Kingma2014,
    title           =   {Adam: A method for stochastic optimization},
    author          =   {Kingma, Diederik P. and Ba, Jimmy},
    booktitle       =   iclr,
    journal         =   {arXiv preprint arXiv:1412.6980},
    year            =   {2015}
}
@article{Khosla2019,
    archivePrefix   =   {arXiv},
    arxivId         =   {1812.11477},
    author          =   {Khosla, Meenakshi and Jamison, Keith and Ngo, Gia H. and Kuceyeski, Amy and Sabuncu, Mert R.},
    booktitle       =   {Magnetic Resonance Imaging},
    doi             =   {10.1016/j.mri.2019.05.031},
    eprint          =   {1812.11477},
    issn            =   {18735894},
    keywords        =   {Brain connectivity,Functional MRI,Intrinsic networks,Machine learning,Resting-state},
    month           =   dec,
    pages           =   {101--121},
    pmid            =   {31173849},
    publisher       =   {Elsevier Inc.},
    title           =   {{Machine learning in resting-state fMRI analysis}},
    volume          =   {64},
    year            =   {2019}
}
@article{Kong2013,
    author          =   {Kong, Lingtao and Chen, Kaiyuan and Tang, Yanqing and Wu, Feng and Driesen, Naomi and Womer, Fay and Fan, Guoguang and Ren, Ling and Jiang, Wenyan and Cao, Yang and Blumberg, Hilary P. and Xu, Ke and Wang, Fei},
    doi             =   {10.1503/jpn.120117},
    issn            =   {14882434},
    journal         =   jpn,
    keywords        =   {Adult,Amygdala / physiopathology*,Brain Mapping,Case-Control Studies,Depressive Disorder,Emotions / physiology,Extramural,Facial Expression,Fei Wang,Female,Humans,Kaiyuan Chen,Lingtao Kong,MEDLINE,Major / physiopathology*,Male,Middle Aged,N.I.H.,NCBI,NIH,NLM,National Center for Biotechnology Information,National Institutes of Health,National Library of Medicine,Neural Pathways / physiopathology*,Non-U.S. Gov't,PMC3819156,Photic Stimulation,Prefrontal Cortex / physiopathology*,PubMed Abstract,Research Support,doi:10.1503/jpn.120117,pmid:24148846},
    number          =   {6},
    pages           =   {417--422},
    pmid            =   {24148846},
    publisher       =   {J Psychiatry Neurosci},
    title           =   {{Functional connectivity between the amygdala and prefrontal cortex in medication-naive individuals with major depressive disorder}},
    url             =   {https://pubmed.ncbi.nlm.nih.gov/24148846/},
    volume          =   {38},
    year            =   {2013}
}
@article{Kudela2017,
    author          =   {Kudela, Maria and Harezlak, Jaroslaw and Lindquist, Martin A.},
    doi             =   {10.1016/j.neuroimage.2017.01.056},
    issn            =   {10959572},
    journal         =   ni,
    keywords        =   {Dynamic confidence bands,Dynamic functional connectivity,Multivariate time series bootstrap,Time-varying correlation},
    month           =   apr,
    pages           =   {165--177},
    pmid            =   {28132931},
    publisher       =   ap,
    title           =   {{Assessing uncertainty in dynamic functional connectivity}},
    volume          =   {149},
    year            =   {2017}
}

%%%%%%%%%%%%%%%%%%%%%%%%%%%%%%%%%%

@article{Laird2011,
    author      =   {Laird, Angela R. and Fox, P. Mickle and Eickhoff, Simon B. and Turner, Jessica A. and Ray, Kimberly L. and Mckay, D. Reese and Glahn, David C. and Beckmann, Christian F. and Smith, Stephen M. and Fox, Peter T.},
    doi         =   {10.1162/JOCN_A_00077},
    issn        =   {1530-8898},
    journal     =   {Journal of cognitive neuroscience},
    keywords    =   {Angela R Laird,Brain / physiology*,Brain Mapping / methods*,Classification / methods,Cluster Analysis,Databases,Extramural,Factual,Humans,MEDLINE,N.I.H.,NCBI,NIH,NLM,National Center for Biotechnology Information,National Institutes of Health,National Library of Medicine,Nerve Net / physiology*,Neural Pathways / physiology,Non-U.S. Gov't,P Mickle Fox,PMC3690655,Peter T Fox,Psychomotor Performance / physiology*,PubMed Abstract,Research Support,doi:10.1162/jocn{\_}a{\_}00077,pmid:21671731},
    month       =   dec,
    number      =   {12},
    pages       =   {4022--4037},
    pmid        =   {21671731},
    publisher   =   {J Cogn Neurosci},
    title       =   {{Behavioral interpretations of intrinsic connectivity networks}},
    url         =   {https://pubmed.ncbi.nlm.nih.gov/21671731/},
    volume      =   {23},
    year        =   {2011}
}
@article{Lan2017,
    author      =   {Lan, Shiwei and Holbrook, Andrew and Elias, Gabriel A. and Fortin, Norbert J. and Ombao, Hernando and Shahbaba, Babak},
    issn        =   {23318422},
    journal     =   {arXiv},
    number      =   {4},
    pages       =   {1199--1228},
    title       =   {{Flexible Bayesian dynamic modeling of correlation and covariance matrices}},
    year        =   {2017}
}
@article{Laumann2017,
    author      =   {Laumann, Timothy O. and Snyder, Abraham Z. and Mitra, Anish and Gordon, Evan M. and Gratton, Caterina and Adeyemo, Babatunde and Gilmore, Adrian W. and Nelson, Steven M. and Berg, Jeff J. and Greene, Deanna J. and McCarthy, John E. and Tagliazucchi, Enzo and Laufs, Helmut and Schlaggar, Bradley L. and Dosenbach, Nico U.F. and Petersen, Steven E.},
    doi         =   {10.1093/cercor/bhw265},
    issn        =   {14602199},
    journal     =   cc,
    keywords    =   {BOLD fMRI,dynamics,functional connectivity,nonstationarity,resting state},
    month       =   {oct},
    number      =   {10},
    pages       =   {4719--4732},
    pmid        =   {27591147},
    publisher   =   oup,
    title       =   {{On the Stability of BOLD fMRI Correlations}},
    volume      =   {27},
    year        =   {2017}
}
@article{Leonardi2015,
    author      =   {Leonardi, Nora and {Van De Ville}, Dimitri},
    doi         =   {10.1016/j.neuroimage.2014.09.007},
    issn        =   {10959572},
    journal     =   ni,
    keywords    =   {Dynamic functional connectivity,Non-stationarity,Resting state,Sliding-window correlation,fMRI},
    pages       =   {430--436},
    pmid        =   {25234118},
    publisher   =   {Elsevier Inc.},
    title       =   {{On spurious and real fluctuations of dynamic functional connectivity during rest}},
    url         =   {http://dx.doi.org/10.1016/j.neuroimage.2014.09.007},
    volume      =   {104},
    year        =   {2015}
}
@article{Li2019a,
    author      =   {Li, Jingwei and Kong, Ru and Li{\'{e}}geois, Rapha{\"{e}}l and Orban, Csaba and Tan, Yanrui and Sun, Nanbo and Holmes, Avram J. and Sabuncu, Mert R. and Ge, Tian and Yeo, B.T. Thomas},
    doi         =   {10.1016/j.neuroimage.2019.04.016},
    issn        =   {10959572},
    journal     =   ni,
    keywords    =   {Big five personality,Fingerprinting,Fluid intelligence,Human connectome project,Inter-subject variability,Resting-state functional MRI},
    month       =   aug,
    pages       =   {126--141},
    pmid        =   {30974241},
    publisher   =   ap,
    title       =   {{Global signal regression strengthens association between resting-state functional connectivity and behavior}},
    url         =   {https://pubmed.ncbi.nlm.nih.gov/30974241/},
    volume      =   {196},
    year        =   {2019}
}
@inproceedings{Li2019b,
    author      =   {Li, Lingge and Pluta, Dustin and Shahbaba, Babak and Fortin, Norbert and Ombao, Hernando and Baldi, Pierre},
    booktitle   =   neurips,
    pages       =   {8263},
    publisher   =   {NIH Public Access},
    title       =   {{Modeling Dynamic Functional Connectivity with Latent Factor Gaussian Processes}},
    year        =   {2019}
}
@article{Liegeois2017,
    author      =   {Li{\'{e}}geois, Rapha{\"{e}}l and Laumann, Timothy and Snyder, Abraham and Zhou, Juan and Yeo, B.T. Thomas},
    doi         =   {10.1101/135681},
    issn        =   {1095-9572},
    journal     =   {Interpreting temporal fluctuations in resting-state functional connectivity MRI},
    month       =   {aug},
    pages       =   {135681},
    publisher   =   {Cold Spring Harbor Laboratory},
    title       =   {{Interpreting Temporal Fluctuations in Resting-State Functional Connectivity MRI}},
    year        =   {2017}
}
@article{Liegeois2021,
    author      =   {Li{\'{e}}geois, Rapha{\"{e}}l and Yeo, B T Thomas and {Van De Ville}, Dimitri},
    doi         =   {10.1101/2021.03.30.437514},
    keywords    =   {Autoregressive Models,Fourier Phase Randomization,Null Models,Surrogate Data},
    title       =   {{Interpreting Null Models of Resting-State Functional MRI}},
    url         =   {https://doi.org/10.1101/2021.03.30.437514},
    year        =   {2021}
}
@article{Lindquist2014,
    author      =   {Lindquist, Martin A. and Xu, Yuting and Nebel, Mary Beth and Caffo, Brain S},
    title       =   {Evaluating dynamic bivariate correlations in resting-state fMRI: a comparison study and a new approach},
    journal     =   ni,
    volume      =   {101},
    pages       =   {531--546},
    year        =   {2014},
    publisher   =   {Elsevier}
}
@article{Lindquist2020,
    author        =   {Lindquist, Martin},
    booktitle     =   {Nature},
    doi           =   {10.1038/d41586-020-01282-z},
    issn          =   {14764687},
    keywords      =   {Human behaviour,Imaging,Neuroscience,Research data},
    month         =   jun,
    number        =   {7810},
    pages         =   {36--37},
    pmid          =   {32433631},
    publisher     =   {NLM (Medline)},
    title         =   {{Neuroimaging results altered by varying analysis pipelines}},
    url           =   {https://www.nature.com/articles/d41586-020-01282-z},
    volume        =   {582},
    year          =   {2020}
}
@article{Logothetis2008,
    author      =   {Logothetis, Nikos K.},
    booktitle   =   {Nature},
    doi         =   {10.1038/nature06976},
    issn        =   {14764687},
    keywords    =   {Humanities and Social Sciences,Science,multidisciplinary},
    month       =   jun,
    number      =   {7197},
    pages       =   {869--878},
    pmid        =   {18548064},
    publisher   =   {Nature Publishing Group},
    title       =   {{What we can do and what we cannot do with fMRI}},
    volume      =   {453},
    year        =   {2008}
}
@article{Lurie2018,
    title       =   {On the nature of time-varying functional connectivity in resting fMRI},
    author      =   {Lurie, Daniel and Kessler, Daniel and Bassett, Danielle and Betzel, Richard F and Breakspear, Michael and Keilholz, Shella and Kucyi, Aaron and Li{\'e}geois, Rapha{\"e}l and Lindquist, Martin A and McIntosh, Anthony Randal and others},
    year        =   {2018},
    publisher   =   {PsyArXiv}
}
@article{Lurie2020,
    title       =   {Questions and controversies in the study of time-varying functional connectivity in resting fMRI},
    author      =   {Lurie, Daniel J and Kessler, Daniel and Bassett, Danielle S and Betzel, Richard F and Breakspear, Michael and Kheilholz, Shella and Kucyi, Aaron and Li{\'e}geois, Rapha{\"e}l and Lindquist, Martin A and McIntosh, Anthony Randal and others},
    journal     =   {Network Neuroscience},
    volume      =   {4},
    number      =   {1},
    pages       =   {30--69},
    year        =   {2020},
    publisher   =   {MIT Press}
}
@article{Lydon-Staley2018,
    author      =   {Lydon-Staley, David M. and Bassett, Danielle S.},
    doi         =   {10.1007/7854_2018_41},
    issn        =   {1866-3370},
    journal     =   {Current topics in behavioral neurosciences},
    keywords    =   {Biomarkers*,Brain,Danielle S Bassett,David M Lydon-Staley,Depressive Disorder,Humans,MEDLINE,Major* / diagnosis,NCBI,NIH,NLM,National Center for Biotechnology Information,National Institutes of Health,National Library of Medicine,Neurosciences*,Psychiatry*,PubMed Abstract,Review,Schizophrenia* / diagnosis,doi:10.1007/7854_2018_41,pmid:29626337},
    pages       =   {79--109},
    pmid        =   {29626337},
    publisher   =   {Curr Top Behav Neurosci},
    title       =   {{Network Neuroscience: A Framework for Developing Biomarkers in Psychiatry}},
    url         =   {https://pubmed.ncbi.nlm.nih.gov/29626337/},
    volume      =   {40},
    year        =   {2018}
}

%%%%%%%%%%%%%%%%%%%%%%%%%%%%%%%%%%%%%

@book{MacKay2002,
    author          =   {MacKay, David J.C.},
    title           =   {Information Theory, Inference \& Learning Algorithms},
    year            =   {2002},
    publisher       =   {Cambridge University Press}
}
@article{Manoliu2014,
    author          =   {Manoliu, Andrei and Meng, Chun and Brandl, Felix and Doll, Anselm and Tahmasian, Masoud and Scherr, Martin and Schwerth{\"{o}}ffer, Dirk and Zimmer, Claus and F{\"{o}}rstl, Hans and B{\"{a}}uml, Josef and Riedl, Valentin and Wohlschl{\"{a}}ger, Afra M and Sorg, Christian and Krishnadas, Rajeev},
    doi             =   {10.3389/fnhum.2013.00930},
    keywords        =   {anterior insula,central executive network,default mode network,intrinsic functional connectivity,intrinsic networks,major depressive disorder,salience network,triple network hypothesis},
    title           =   {{Insular dysfunction within the salience network is associated with severity of symptoms and aberrant inter-network connectivity in major depressive disorder}},
    url             =   {www.frontiersin.org},
    year            =   {2014}
}
@article{Marek2022,
    author          =   {Marek, Scott and Tervo-Clemmens, Brenden and Calabro, Finnegan J. and Montez, David F. and Kay, Benjamin P. and Hatoum, Alexander S. and Donohue, Meghan Rose and Foran, William and Miller, Ryland L. and Hendrickson, Timothy J. and Malone, Stephen M. and Kandala, Sridhar and Feczko, Eric and Miranda-Dominguez, Oscar and Graham, Alice M. and Earl, Eric A. and Perrone, Anders J. and Cordova, Michaela and Doyle, Olivia and Moore, Lucille A. and Conan, Gregory M. and Uriarte, Johnny and Snider, Kathy and Lynch, Benjamin J. and Wilgenbusch, James C. and Pengo, Thomas and Tam, Angela and Chen, Jianzhong and Newbold, Dillan J. and Zheng, Annie and Seider, Nicole A. and Van, Andrew N. and Metoki, Athanasia and Chauvin, Roselyne J. and Laumann, Timothy O. and Greene, Deanna J. and Petersen, Steven E. and Garavan, Hugh and Thompson, Wesley K. and Nichols, Thomas E. and Yeo, B. T.Thomas and Barch, Deanna M. and Luna, Beatriz and Fair, Damien A. and Dosenbach, Nico U.F.},
    doi             =   {10.1038/S41586-022-04492-9},
    issn            =   {1476-4687},
    journal         =   {Nature},
    keywords        =   {Brain Mapping* / methods,Brain*,Brenden Tervo-Clemmens,Cognition,Datasets as Topic,Humans,MEDLINE,Magnetic Resonance Imaging* / methods,NCBI,NIH,NLM,National Center for Biotechnology Information,National Institutes of Health,National Library of Medicine,Neuroimaging,Nico U F Dosenbach,PMC8991999,Phenotype,PubMed Abstract,Reproducibility of Results,Scott Marek,doi:10.1038/s41586-022-04492-9,pmid:35296861},
    month           =   mar,
    number          =   {7902},
    pages           =   {654--660},
    pmid            =   {35296861},
    publisher       =   {Nature},
    title           =   {{Reproducible brain-wide association studies require thousands of individuals}},
    url             =   {https://pubmed.ncbi.nlm.nih.gov/35296861/},
    volume          =   {603},
    year            =   {2022}
}
@article{Matsui2016,
    author      =   {Matsui, Teppei and Murakami, Tomonari and Ohki, Kenichi},
    doi         =   {10.1073/PNAS.1521299113/VIDEO-2},
    issn        =   {10916490},
    journal     =   pnasj,
    keywords    =   {Brain network,Ca imaging,FMRI,Optical imaging,Spontaneous activity},
    month       =   jun,
    number      =   {23},
    pages       =   {6556--6561},
    pmid        =   {27185944},
    publisher   =   nas,
    title       =   {{Transient neuronal coactivations embedded in globally propagating waves underlie resting-state functional connectivity}},
    url         =   {www.pnas.org/cgi/doi/10.1073/pnas.1521299113},
    volume      =   {113},
    year        =   {2016}
}
@inproceedings{Matthews2016,
    archivePrefix   =   {arXiv},
    arxivId         =   {1504.07027},
    title           =   {On sparse variational methods and the Kullback-Leibler divergence between stochastic processes},
    author          =   {Matthews, Alexander G. de G. and Hensman, James and Turner, Richard E. and Ghahramani, Zoubin},
    booktitle       =   {Artificial Intelligence and Statistics},
    doi             =   {10.48550/arxiv.1504.07027},
    pages           =   {231--239},
    year            =   {2016},
    organization    =   {PMLR}
}
@article{Matthews2017,
    author      =   {Matthews, Alexander G. de G. and {van der Wilk}, Mark and Nickson, Tom and
	Fujii, Keisuke. and {Boukouvalas}, Alexis and {Le{\'o}n-Villagr{\'a}}, Pablo and
	Ghahramani, Zoubin and Hensman, James},
    title       =   "{{GP}flow: A {G}aussian process library using {T}ensor{F}low}",
    journal     =   jmlr,
    year        =   {2017},
    month       =   apr,
    volume      =   {18},
    number      =   {40},
    pages       =   {1-6},
    url         =   {http://jmlr.org/papers/v18/16-537.html}
}
@article{Monti2017,
    author      =   {Monti, Ricardo Pio and Lorenz, Romy and Braga, Rodrigo M. and Anagnostopoulos, Christoforos and Leech, Robert and Montana, Giovanni},
    doi         =   {10.1002/hbm.23355},
    issn        =   {1065-9471},
    journal     =   hbm,
    keywords    =   {dynamic networks,functional connectivity,neurofeedback,real-time,streaming penalized optimization},
    month       =   jan,
    number      =   {1},
    pages       =   {202--220},
    publisher   =   {John Wiley and Sons Inc.},
    title       =   {{Real‐time estimation of dynamic functional connectivity networks}},
    url         =   {https://onlinelibrary.wiley.com/doi/abs/10.1002/hbm.23355},
    volume      =   {38},
    year        =   {2017}
}
@article{Mulders2015,
    author      =   {Mulders, Peter C. and van Eijndhoven, Philip F. and Schene, Aart H. and Beckmann, Christian F. and Tendolkar, Indira},
    booktitle   =   {Neuroscience and Biobehavioral Reviews},
    doi         =   {10.1016/j.neubiorev.2015.07.014},
    issn        =   {18737528},
    keywords    =   {Central executive network,Default mode network,Functional connectivity,Independent component analysis,Major depressive disorder,Salience network,Seed-based correlation analysis},
    month       =   sep,
    pages       =   {330--344},
    pmid        =   {26234819},
    publisher   =   {Pergamon},
    title       =   {{Resting-state functional connectivity in major depressive disorder: A review}},
    volume      =   {56},
    year        =   {2015}
}
@book{Murphy2012,
    author      =   {Murphy, Kevin P.},
    doi         =   {10.1007/978-94-011-3532-0_2},
    isbn        =   {9780262018029},
    pages       =   {27--71},
    publisher   =   {The MIT Press},
    title       =   {{Machine Learning: A Probabilistic Perspective}},
    year        =   {2012}
}

%%%%%%%%%%%%%%%%%%%%%%%%%%%%%%%%

@article{Nakajima2017,
    title       =   {Dynamics \& sparsity in latent threshold factor models: A study in multivariate EEG signal processing},
    author      =   {Nakajima, Jouchi and West, Mike and others},
    journal     =   {Brazilian Journal of Probability and Statistics},
    volume      =   {31},
    number      =   {4},
    pages       =   {701--731},
    year        =   {2017},
    publisher   =   {Brazilian Statistical Association}
}
@article{Nestler2002,
    author          =   {Nestler, Eric J. and Barrot, Michel and DiLeone, Ralph J. and Eisch, Amelia J. and Gold, Stephen J. and Monteggia, Lisa M.},
    doi             =   {10.1016/S0896-6273(02)00653-0},
    issn            =   {0896-6273},
    journal         =   {Neuron},
    month           =   mar,
    number          =   {1},
    pages           =   {13--25},
    pmid            =   {11931738},
    publisher       =   {Cell Press},
    title           =   {{Neurobiology of Depression}},
    volume          =   {34},
    year            =   {2002}
}
@article{Nielsen2016,
    archivePrefix   =   {arXiv},
    arxivId         =   {1601.00496v2},
    author          =   {Nielsen, S{\o}ren F V and Madsen, Kristoffer H and R{\o}ge, Rasmus and Schmidt, Mikkel N and M{\o}rup, Morten},
    eprint          =   {1601.00496v2},
    title           =   {{Nonparametric Modeling of Dynamic Functional Connectivity in fMRI Data}},
    url             =   {http://mloss.org/software/view/205/},
    year            =   {2016}
}
@inproceedings{Nielsen2017,
    title           =   {Modeling dynamic functional connectivity using a Wishart mixture model},
    author          =   {Nielsen, S{\o}ren FV and Madsen, Kristoffer H and Schmidt, Mikkel N and M{\o}rup, Morten},
    booktitle       =   {2017 International Workshop on Pattern Recognition in Neuroimaging (PRNI)},
    pages           =   {1--4},
    year            =   {2017},
    organization    =   {IEEE}
}
@article{Niv2021,
    title           =   {The primacy of behavioral research for understanding the brain.},
    author          =   {Niv, Yael},
    journal         =   {Behavioral Neuroscience},
    year            =   {2021},
    publisher       =   apa
}
@article{Noble2019,
    author          =   {Noble, Stephanie and Scheinost, Dustin and Constable, R. Todd},
    doi             =   {10.1016/j.neuroimage.2019.116157},
    issn            =   {10959572},
    journal         =   ni,
    keywords        =   {Edge-level,Intraclass correlation coefficient,Systematic review,Validity,fMRI},
    month           =   dec,
    pmid            =   {31494250},
    publisher       =   ap,
    title           =   {{A decade of test-retest reliability of functional connectivity: A systematic review and meta-analysis}},
    url             =   {https://pubmed.ncbi.nlm.nih.gov/31494250/},
    volume          =   {203},
    year            =   {2019}
}
@article{Nooner2012,
    author          =   {Nooner, Kate Brody and Colcombe, Stanley J. and Tobe, Russell H. and Mennes, Maarten and Benedict, Melissa M. and Moreno, Alexis L. and Panek, Laura J. and Brown, Shaquanna and Zavitz, Stephen T. and Li, Qingyang and Sikka, Sharad and Gutman, David and Bangaru, Saroja and Schlachter, Rochelle Tziona and Kamiel, Stephanie M. and Anwar, Ayesha R. and Hinz, Caitlin M. and Kaplan, Michelle S. and Rachlin, Anna B. and Adelsberg, Samantha and Cheung, Brian and Khanuja, Ranjit and Yan, Chaogan and Craddock, Cameron C. and Calhoun, Vincent and Courtney, William and King, Margaret and Wood, Dylan and Cox, Christine L. and Kelly, A. M.Clare and {Di Martino}, Adriana and Petkova, Eva and Reiss, Philip T. and Duan, Nancy and Thomsen, Dawn and Biswal, Bharat and Coffey, Barbara and Hoptman, Matthew J. and Javitt, Daniel C. and Pomara, Nunzio and Sidtis, John J. and Koplewicz, Harold S. and Castellanos, Francisco Xavier and Leventhal, Bennett L. and Milham, Michael P.},
    doi             =   {10.3389/FNINS.2012.00152/BIBTEX},
    issn            =   {1662453X},
    journal         =   fin,
    keywords        =   {Brain,DTI,Discovery,Fmri,Lifespan,Open science,Phenotype,Psychiatry},
    number          =   {OCT},
    pages           =   {152},
    publisher       =   {Frontiers Media S.A.},
    title           =   {{The NKI-Rockland sample: A model for accelerating the pace of discovery science in psychiatry}},
    volume          =   {0},
    year            =   {2012}
}
@article{Novelli2022,
    archivePrefix   =   {arXiv},
    arxivId         =   {2106.10631},
    author          =   {Novelli, Leonardo and Razi, Adeel},
    doi             =   {10.1038/s41467-022-29775-7},
    eprint          =   {2106.10631},
    journal         =   nc,
    number          =   {1},
    title           =   {{A mathematical perspective on edge-centric brain functional connectivity}},
    url             =   {https://doi.org/10.1038/s41467-022-29775-7},
    volume          =   {13},
    year            =   {2022}
}

%%%%%%%%%%%%%%%%%%%%%%%%%%%%%%%%%%%%%%

@article{Oane2020,
    author          =   {Oane, Irina and Barborica, Andrei and Chetan, Filip and Donos, Cristian and Maliia, Mihai Dragos and Arbune, Anca Adriana and Daneasa, Andrei and Pistol, Constantin and Nica, Adriana Elena and Bajenaru, Ovidiu Alexandru and Mindruta, Ioana},
    doi             =   {10.1016/J.NEUROIMAGE.2020.117059},
    issn            =   {1053-8119},
    journal         =   ni,
    keywords        =   {Cingulate cortex,Direct electrical stimulation,Effective connectivity,Functional connectivity,Multimodal connectivity,Stereo-electroencephalography},
    month           =   oct,
    pages           =   {117059},
    pmid            =   {32562780},
    publisher       =   {Academic Press},
    title           =   {{Cingulate cortex function and multi-modal connectivity mapped using intracranial stimulation}},
    volume          =   {220},
    year            =   {2020}
}
@article{Ormel2019,
    author          =   {Ormel, Johan and Hartman, Catharina A. and Snieder, Harold},
    doi             =   {10.1038/s41398-019-0450-5},
    issn            =   {2158-3188},
    journal         =   {Translational Psychiatry 2019 9:1},
    keywords        =   {Biological sciences,Clinical genetics,Scientific community},
    month           =   mar,
    number          =   {1},
    pages           =   {1--10},
    pmid            =   {30877272},
    publisher       =   {Nature Publishing Group},
    title           =   {{The genetics of depression: successful genome-wide association studies introduce new challenges}},
    url             =   {https://www.nature.com/articles/s41398-019-0450-5},
    volume          =   {9},
    year            =   {2019}
}

%%%%%%%%%%%%%%%%%%%%%%%%%%%%%%%%%%%%%%

@article{Pandya2012,
    author          =   {Pandya, Mayur and Altinay, Murat and Malone, Donald A. and Anand, Amit},
    doi             =   {10.1007/S11920-012-0322-7},
    issn            =   {15233812},
    journal         =   {Current psychiatry reports},
    keywords        =   {DBS,Deep brain stimulation,Depression,FMRI,Limbic system,MDD,MRI,Major depressive disorder,Mood disorders,Neuroimaging,PET,Parkinson's disease,Psychiatry,Resting state connectivity,Stroke,TMS,Transcranial magnetic stimulation,Unipolar depression,VNS,Vagus nerve stimulation},
    month           =   dec,
    number          =   {6},
    pages           =   {634},
    pmid            =   {23055003},
    publisher       =   {NIH Public Access},
    title           =   {{Where in the Brain Is Depression?}},
    url             =   {/pmc/articles/PMC3619732/ /pmc/articles/PMC3619732/?report=abstract https://www.ncbi.nlm.nih.gov/pmc/articles/PMC3619732/},
    volume          =   {14},
    year            =   {2012}
}
@article{Parkes2020,
    author          =   {Parkes, Linden and Satterthwaite, Theodore D. and Bassett, Danielle S.},
    title           =   {{Towards precise resting-state fMRI biomarkers in psychiatry: synthesizing developments in transdiagnostic research, dimensional models of psychopathology, and normative neurodevelopment}},
    journal         =   {arXiv preprint arXiv:2006.04728},
    year            =   {2020}
}
@article{Piguet2021,
    author          =   {Piguet, Camille and Karahanoğlu, Fikret Işık and Saccaro, Luigi Francesco and {Van De Ville}, Dimitri and Vuilleumier, Patrik},
    doi             =   {10.1016/J.NICL.2021.102833},
    issn            =   {2213-1582},
    journal         =   {NeuroImage: Clinical},
    keywords        =   {Coactivation-patterns,Mood disorders,Rumination,Total activation,default-mode network (DMN),fMRI},
    month           =   jan,
    pages           =   {102833},
    pmid            =   {34619652},
    publisher       =   {Elsevier},
    title           =   {{Mood disorders disrupt the functional dynamics, not spatial organization of brain resting state networks}},
    volume          =   {32},
    year            =   {2021}
}
@article{Pizzagalli2021,
    author      =   {Pizzagalli, Diego A. and Roberts, Angela C.},
    doi         =   {10.1038/s41386-021-01101-7},
    issn        =   {1740-634X},
    journal     =   {Neuropsychopharmacology 2021 47:1},
    keywords    =   {Depression,Prefrontal cortex},
    month       =   aug,
    number      =   {1},
    pages       =   {225--246},
    pmid        =   {34341498},
    publisher   =   {Nature Publishing Group},
    title       =   {{Prefrontal cortex and depression}},
    url         =   {https://www.nature.com/articles/s41386-021-01101-7},
    volume      =   {47},
    year        =   {2021}
}
@article{Poldrack2017,
    author      =   {Poldrack, Russell A. and Baker, Chris I. and Durnez, Joke and Gorgolewski, Krzysztof J. and Matthews, Paul M. and Munaf{\`{o}}, Marcus R. and Nichols, Thomas E. and Poline, Jean Baptiste and Vul, Edward and Yarkoni, Tal},
    doi         =   {10.1038/nrn.2016.167},
    issn        =   {14710048},
    journal     =   nrn,
    keywords    =   {Data processing,Functional magnetic resonance imaging,Magnetic resonance imaging,Neuroscience,Research data},
    month       =   feb,
    number      =   {2},
    pages       =   {115--126},
    pmid        =   {28053326},
    publisher   =   {Nature Publishing Group},
    title       =   {{Scanning the horizon: Towards transparent and reproducible neuroimaging research}},
    url         =   {https://osf.io/spr9a/.},
    volume      =   {18},
    year        =   {2017}
}
@article{Power2015,
    author              =   {Power, Jonathan D. and Schlaggar, Bradley L. and Petersen, Steven E.},
    doi                 =   {10.1016/J.NEUROIMAGE.2014.10.044},
    issn                =   {10959572},
    journal             =   ni,
    keywords            =   {Artifact,Denoising,FMRI,Functional connectivity,Motion,Resting state},
    month               =   jan,
    pages               =   {536--551},
    pmid                =   {25462692},
    publisher           =   {Academic Press Inc.},
    title               =   {{Recent progress and outstanding issues in motion correction in resting state fMRI}},
    volume              =   {105},
    year                =   {2015}
}
@article{Preti2017,
    author              =   {Preti, Maria Giulia and Bolton, Thomas AW and {Van De Ville}, Dimitri},
    doi                 =   {10.1016/j.neuroimage.2016.12.061},
    issn                =   {10959572},
    journal             =   ni,
    keywords            =   {Dynamic functional connectivity,Dynamic graph analysis,Frame-wise description,Sliding window analysis,State characterization,Temporal modeling,Time/frequency analysis},
    month               =   oct,
    pages               =   {41--54},
    pmid                =   {28034766},
    publisher           =   ap,
    title               =   {{The dynamic functional connectome: State-of-the-art and perspectives}},
    volume              =   {160},
    year                =   {2017}
}
@article{Pruim2015a,
    author          =   {Pruim, Raimon H.R. and Mennes, Maarten and van Rooij, Daan and Llera, Alberto and Buitelaar, Jan K. and Beckmann, Christian F.},
    doi             =   {10.1016/J.NEUROIMAGE.2015.02.064},
    issn            =   {1095-9572},
    journal         =   ni,
    keywords        =   {Algorithms*,Artifacts*,Artificial Intelligence,Cerebrospinal Fluid / physiology,Christian F Beckmann,Computer-Assisted / methods*,Humans,Image Processing,MEDLINE,Maarten Mennes,Magnetic Resonance Imaging / methods*,Magnetic Resonance Imaging / statistics {\&} numerical data,Motion,NCBI,NIH,NLM,National Center for Biotechnology Information,National Institutes of Health,National Library of Medicine,Non-U.S. Gov't,Principal Component Analysis,PubMed Abstract,Raimon H R Pruim,Reproducibility of Results,Research Support,Rest,doi:10.1016/j.neuroimage.2015.02.064,pmid:25770991},
    month           =   may,
    pages           =   {267--277},
    pmid            =   {25770991},
    publisher       =   ni,
    title           =   {{ICA-AROMA: A robust ICA-based strategy for removing motion artifacts from fMRI data}},
    url             =   {https://pubmed.ncbi.nlm.nih.gov/25770991/},
    volume          =   {112},
    year            =   {2015}
}
@article{Pruim2015b,
    author              =   {Pruim, Raimon H.R. and Mennes, Maarten and Buitelaar, Jan K. and Beckmann, Christian F.},
    doi                 =   {10.1016/J.NEUROIMAGE.2015.02.063},
    issn                =   {1095-9572},
    journal             =   ni,
    keywords            =   {Adult,Algorithms,Artifacts*,Child,Christian F Beckmann,Computer-Assisted / methods*,Computer-Assisted / statistics {\&} numerical data*,Databases,Factual,Humans,Image Processing,MEDLINE,Maarten Mennes,Magnetic Resonance Imaging / methods*,Magnetic Resonance Imaging / statistics {\&} numerical data*,Motion,NCBI,NIH,NLM,National Center for Biotechnology Information,National Institutes of Health,National Library of Medicine,Neural Pathways / anatomy {\&} histology,Neural Pathways / physiology,Non-U.S. Gov't,Principal Component Analysis,PubMed Abstract,Raimon H R Pruim,Regression Analysis,Research Support,Rest / physiology,doi:10.1016/j.neuroimage.2015.02.063,pmid:25770990},
    month               =   may,
    pages               =   {278--287},
    pmid                =   {25770990},
    publisher           =   ni,
    title               =   {{Evaluation of ICA-AROMA and alternative strategies for motion artifact removal in resting state fMRI}},
    url                 =   {https://pubmed.ncbi.nlm.nih.gov/25770990/},
    volume              =   {112},
    year                =   {2015}
}

%%%%%%%%%%%%%%%%%%%%%%%%%%%%%%%%%%%%%%%%%%%%%%%

@article{Ramasubbu2014,
    author              =   {Ramasubbu, Rajamannar and Konduru, Nithya and Cortese, Filomeno and Bray, Signe and Gaxiola-Valdez, Ismael and Goodyear, Bradley},
    doi                 =   {10.3389/fpsyt.2014.00017},
    issn                =   {16640640},
    journal             =   {Frontiers in Psychiatry},
    keywords            =   {Amygdala,Depression,FMRI,Functional connectivity,Neural networks},
    number              =   {FEB},
    title               =   {{Reduced intrinsic connectivity of amygdala in adults with major depressive disorder}},
    url                 =   {www.frontiersin.org},
    volume              =   {5},
    year                =   {2014}
}
@article{Rashid2016,
    author              =   {Rashid, Barnaly},
    title               =   {{Approaches for Capturing Time-Varying Functional Network Connectivity with Application to Normative Development and Mental Illness}},
    url                 =   {https://digitalrepository.unm.edu/ece_etds.%22},
    year                =   {2016}
}
@book{Rasmussen2006,
    author              =   {Rasmussen, Carl Edward and Williams, Christopher KI},
    title               =   {Gaussian processes for machine learning},
    volume              =   {2},
    number              =   {3},
    year                =   {2006},
    publisher           =   {MIT press Cambridge, MA}
}
@article{Richards2019,
    title               =   {A deep learning framework for neuroscience},
    author              =   {Richards, Blake A and Lillicrap, Timothy P and Beaudoin, Philippe and Bengio, Yoshua and Bogacz, Rafal and Christensen, Amelia and Clopath, Claudia and Costa, Rui Ponte and de Berker, Archy and Ganguli, Surya and others},
    journal             =   {Nature neuroscience},
    volume              =   {22},
    number              =   {11},
    pages               =   {1761--1770},
    year                =   {2019},
    publisher           =   {Nature Publishing Group}
}
@article{Rolls2020,
    author              =   {Rolls, Edmund T and Cheng, Wei and Feng, Jianfeng},
    doi                 =   {10.1093/BRAINCOMMS/FCAA196},
    journal             =   {Brain Communications},
    keywords            =   {depressive disorders,reward},
    month               =   jul,
    number              =   {2},
    publisher           =   {Oxford Academic},
    title               =   {{The orbitofrontal cortex: reward, emotion and depression}},
    url                 =   {https://academic.oup.com/braincomms/article/2/2/fcaa196/5976759},
    volume              =   {2},
    year                =   {2020}
}
@article{Rutledge2019,
    author              =   {Rutledge, Robb B. and Chekroud, Adam M. and Huys, Quentin JM},
    doi                 =   {10.1016/j.conb.2019.02.006},
    issn                =   {18736882},
    journal             =   con,
    month               =   {apr},
    pages               =   {152--159},
    publisher           =   {Elsevier Ltd},
    title               =   {{Machine learning and big data in psychiatry: toward clinical applications}},
    volume              =   {55},
    year                =   {2019}
}
@article{Rzepa2018,
    author              =   {Rzepa, Ewelina and McCabe, Ciara},
    doi                 =   {10.1177/0269881118799935},
    issn                =   {14617285},
    journal             =   {Journal of Psychopharmacology},
    keywords            =   {DMN,Depression,adolescent,biomarker,dmPFC,resting-state},
    month               =   oct,
    number              =   {10},
    pages               =   {1067--1074},
    pmid                =   {30260258},
    publisher           =   sp,
    title               =   {{Anhedonia and depression severity dissociated by dmPFC resting-state functional connectivity in adolescents}},
    url                 =   {https://journals.sagepub.com/doi/10.1177/0269881118799935},
    volume              =   {32},
    year                =   {2018}
}

%%%%%%%%%%%%%%%%%%%%%%%%%%%%%%%%%%%%%%%%%%%%%%%

@phdthesis{Saatchi2011,
    author              =   {Saatchi, Yunus},
    title               =   {{Scalable Inference for Structured Gaussian Process Models}},
    school              =   {University of Cambridge},
    year                =   {2011},
    month               =   dec
}
@article{Sabuncu2016,
    author              =   {Sabuncu, Mert R. and Ge, Tian and Holmes, Avram J. and Smoller, Jordan W. and Buckner, Randy L. and Fischl, Bruce},
    doi                 =   {10.1073/pnas.1604378113},
    issn                =   {10916490},
    journal             =   pnasj,
    keywords            =   {Brain morphology,Neuroimaging,Statistical association},
    month               =   sep,
    number              =   {39},
    pages               =   {E5749--E5756},
    pmid                =   {27613854},
    publisher           =   nas,
    title               =   {{Morphometricity as a measure of the neuroanatomical signature of a trait}},
    url                 =   {https://www.pnas.org/content/113/39/E5749 https://www.pnas.org/content/113/39/E5749.abstract},
    volume              =   {113},
    year                =   {2016}
}
@article{Sahib2018,
    author              =   {Sahib, Ashish Kaul and Erb, Michael and Marquetand, Justus and Martin, Pascal and Elshahabi, Adham and Klamer, Silke and Vulliemoz, Serge and Scheffler, Klaus and Ethofer, Thomas and Focke, Niels K.},
    doi                 =   {10.1371/journal.pone.0190480},
    isbn                =   {1111111111},
    issn                =   {19326203},
    journal             =   {PLoS ONE},
    number              =   {1},
    pages               =   {1--15},
    pmid                =   {29357371},
    title               =   {{Evaluating the impact of fast-fMRI on dynamic functional connectivity in an event-based paradigm}},
    volume              =   {13},
    year                =   {2018}
}
@article{Sakoglu2010,
    author              =   {Sakoğlu, {\"{U}}nal and Pearlson, Godfrey D and Kiehl, Kent A and Wang, Y Michelle and Michael, Andrew M. and Calhoun, Vince D},
    doi                 =   {10.1007/s10334-010-0197-8},
    issn                =   {09685243},
    journal             =   {Magnetic Resonance Materials in Physics, Biology and Medicine},
    keywords            =   {Auditory oddball task,Brain,Dynamic,Functional magnetic resonance imaging,Functional network connectivity,Independent component analysis,Schizophrenia,fMRI},
    month               =   feb,
    number              =   {5-6},
    pages               =   {351--366},
    publisher           =   {Springer},
    title               =   {{A method for evaluating dynamic functional network connectivity and task-modulation: Application to schizophrenia}},
    url                 =   {https://link.springer.com/article/10.1007/s10334-010-0197-8},
    volume              =   {23},
    year                =   {2010}
}
@article{Shakil2016,
    author              =   {Shakil, Sadia and Lee, Chin Hui and Keilholz, Shella D.},
    doi                 =   {10.1016/j.neuroimage.2016.02.074},
    issn                =   {10959572},
    journal             =   ni,
    keywords            =   {Functional connectivity,K-Means,Network dynamics,Resting-state functional MRI,Sliding window correlation,States},
    pages               =   {111--128},
    pmid                =   {26952197},
    publisher           =   {Elsevier Inc.},
    title               =   {{Evaluation of sliding window correlation performance for characterizing dynamic functional connectivity and brain states}},
    url                 =   {http://dx.doi.org/10.1016/j.neuroimage.2016.02.074},
    volume              =   {133},
    year                =   {2016}
}
@article{Shine2015,
    author              =   {Shine, James M. and Koyejo, Oluwasanmi and Bell, Peter T. and Gorgolewski, Krzysztof J. and Gilat, Moran and Poldrack, Russell A.},
    doi                 =   {10.1016/j.neuroimage.2015.07.064},
    issn                =   {10959572},
    journal             =   ni,
    pages               =   {399--407},
    pmid                =   {26231247},
    publisher           =   {Elsevier Inc.},
    title               =   {{Estimation of dynamic functional connectivity using Multiplication of Temporal Derivatives}},
    url                 =   {http://dx.doi.org/10.1016/j.neuroimage.2015.07.064},
    volume              =   {122},
    year                =   {2015}
}
@article{Shou2013,
    author              =   {Shou, H. and Eloyan, A. and Lee, S. and Zipunnikov, V. and Crainiceanu, A. N. and Nebel, M. B. and Caffo, B. and Lindquist, M. A. and Crainiceanu, C. M.},
    doi                 =   {10.3758/S13415-013-0196-0},
    issn                =   {1531-135X},
    journal             =   {Cognitive, affective {\&} behavioral neuroscience},
    keywords = {A Eloyan,Adult,Biological,Brain / anatomy {\&} histology,Brain / pathology,Brain / physiology*,Brain Mapping*,C M Crainiceanu,Computer Simulation,Extramural,Female,H Shou,Humans,MEDLINE,Male,Models,N.I.H.,NCBI,NIH,NLM,National Center for Biotechnology Information,National Institutes of Health,National Library of Medicine,Neuroimaging* / classification,PMC3869880,PubMed Abstract,Reproducibility of Results,Research Support,Statistics as Topic*,doi:10.3758/s13415-013-0196-0,pmid:24022791},
    month               =   dec,
    number              =   {4},
    pages               =   {714--724},
    pmid                =   {24022791},
    publisher           =   {Cogn Affect Behav Neurosci},
    title               =   {{Quantifying the reliability of image replication studies: the image intraclass correlation coefficient (I2C2)}},
    url                 =   {https://pubmed.ncbi.nlm.nih.gov/24022791/},
    volume              =   {13},
    year                =   {2013}
}
@article{Shrout1979,
    author              =   {Shrout, Patrick E. and Fleiss, Joseph L.},
    number              =   {2},
    pages               =   {420--428},
    title               =   {{Intraclass Correlations : Uses in Assessing Rater Reliability}},
    volume              =   {86},
    year                =   {1979}
}
@incollection{Silvennoinen2009,
    title               =   {Multivariate GARCH models},
    author              =   {Silvennoinen, Annastiina and Ter{\"a}svirta, Timo},
    booktitle           =   {Handbook of financial time series},
    pages               =   {201--229},
    year                =   {2009},
    publisher           =   {Springer}
}
@article{Smith2009,
    author              =   {Smith, Stephen M. and Fox, Peter T. and Miller, Karla L. and Glahn, David C. and Fox, P. Mickle and Mackay, Clare E. and Filippini, Nicola and Watkins, Kate E. and Toro, Roberto and Laird, Angela R. and Beckmann, Christian F.},
    doi                 =   {10.1073/pnas.0905267106},
    issn                =   {00278424},
    journal             =   pnasj,
    keywords            =   {Brain connectivity,BrainMap,FMRI,Functional connectivity,Resting-state networks},
    month               =   aug,
    number              =   {31},
    pages               =   {13040--13045},
    pmid                =   {19620724},
    publisher           =   nas,
    title               =   {{Correspondence of the brain's functional architecture during activation and rest}},
    url                 =   {www.pnas.org/cgi/content/full/},
    volume              =   {106},
    year                =   {2009}
}
@article{Smith2012,
    author              =   {Smith, Stephen M. and Miller, Karla L. and Moeller, Steen and Xu, Junqian and Auerbach, Edward J. and Woolrich, Mark W. and Beckmann, Christian F. and Jenkinson, Mark and Andersson, Jesper and Glasser, Matthew F. and {Van Essen}, David C. and Feinberg, David A. and Yacoubb, Essa S. and Ugurbil, Kamil},
    doi                 =   {10.1073/PNAS.1121329109/SUPPL_FILE/SAPP.PDF},
    issn                =   {00278424},
    journal             =   pnasj,
    month               =   feb,
    number              =   {8},
    pages               =   {3131--3136},
    pmid                =   {22323591},
    title               =   {{Temporally-independent functional modes of spontaneous brain activity}},
    volume              =   {109},
    year                =   {2012}
}
@article{Smith2013a,
    author              =   {Smith, Stephen M. and Beckmann, Christian F. and Andersson, Jesper and Auerbach, Edward J. and Bijsterbosch, Janine and Douaud, Gwena{\"{e}}lle and Duff, Eugene and Feinberg, David A. and Griffanti, Ludovica and Harms, Michael P. and Kelly, Michael and Laumann, Timothy and Miller, Karla L. and Moeller, Steen and Petersen, Steve and Power, Jonathan and Salimi-Khorshidi, Gholamreza and Snyder, Abraham Z. and Vu, An T. and Woolrich, Mark W. and Xu, Junqian and Yacoub, Essa and Uǧurbil, Kamil and {Van Essen}, David C. and Glasser, Matthew F.},
    doi                 =   {10.1016/J.NEUROIMAGE.2013.05.039},
    issn                =   {1053-8119},
    journal             =   {NeuroImage},
    month               =   oct,
    pages               =   {144--168},
    publisher           =   ap,
    title               =   {{Resting-state fMRI in the Human Connectome Project}},
    volume              =   {80},
    year                =   {2013}
}
@article{Smith2013b,
    author              =   {Smith, Stephen M. and Vidaurre, Diego and Beckmann, Christian F. and Glasser, Matthew F. and Jenkinson, Mark and Miller, Karla L. and Nichols, Thomas E. and Robinson, Emma C. and Salimi-Khorshidi, Gholamreza and Woolrich, Mark W. and Barch, Deanna M. and Uǧurbil, Kamil and {Van Essen}, David C.},
    doi                 =   {10.1016/J.TICS.2013.09.016},
    issn                =   {13646613},
    journal             =   tics,
    keywords            =   {Connectomics,Network modelling,Resting-state fMRI},
    month               =   dec,
    number              =   {12},
    pages               =   {666--682},
    pmid                =   {24238796},
    title               =   {{Functional connectomics from resting-state fMRI}},
    volume              =   {17},
    year                =   {2013}
}
@article{Smith2015,
    author              =   {Smith, Stephen M. and Nichols, Thomas E. and Vidaurre, Diego and Winkler, Anderson M. and Behrens, Timothy E.J. and Glasser, Matthew F. and Ugurbil, Kamil and Barch, Deanna M. and {Van Essen}, David C. and Miller, Karla L.},
    booktitle           =   {Nature Neuroscience},
    doi                 =   {10.1038/nn.4125},
    issn                =   {15461726},
    keywords            =   {Functional magnetic resonance imaging,Intelligence,Network models},
    month               =   {nov},
    number              =   {11},
    pages               =   {1565--1567},
    pmid                =   {26414616},
    publisher           =   {Nature Publishing Group},
    title               =   {{A positive-negative mode of population covariation links brain connectivity, demographics and behavior}},
    url                 =   {http://www.nature.com/},
    volume              =   {18},
    year                =   {2015}
}
@article{Soares2016,
    author              =   {Soares, Jos{\'{e}} M. and Magalh{\~{a}}es, Ricardo and Moreira, Pedro S. and Sousa, Alexandre and Ganz, Edward and Sampaio, Adriana and Alves, Victor and Marques, Paulo and Sousa, Nuno},
    doi                 =   {10.3389/FNINS.2016.00515/BIBTEX},
    issn                =   {1662453X},
    journal             =   fin,
    keywords            =   {Acquisition,Analysis,FMRI,Hitchhiker's guide,Preprocessing},
    month               =   nov,
    pages               =   {515},
    publisher           =   {Frontiers Media S.A.},
    title               =   {{A Hitchhiker's guide to functional magnetic resonance imaging}},
    volume              =   {10},
    year                =   {2016}
}
@article{Spronk2020,
    author              =   {Spronk, Marjolein and Keane, Brian P and Ito, Takuya and Kulkarni, Kaustubh and Ji, Jie Lisa and Anticevic, Alan and Cole, Michael W},
    doi                 =   {10.1093/cercor/bhaa242},
    keywords            =   {attention-deficit hyperactivity disorder,autism spectrum disorder,functional connectivity,resting state,schizophrenia},
    title               =   {{A Whole-Brain and Cross-Diagnostic Perspective on Functional Brain Network Dysfunction}},
    url                 =   {http://fcon_1000.projects.nitrc.org/indi/abide/a},
    year                =   {2020}
}

%%%%%%%%%%%%%%%%%%%%%%%%%%%%%%%%%%%%%%%%%%

@article{Taghia2017,
    author              =   {Taghia, Jalil and Ryali, Srikanth and Chen, Tianwen and Supekar, Kaustubh and Cai, Weidong and Menon, Vinod},
    doi                 =   {10.1016/j.neuroimage.2017.02.083},
    issn                =   {10959572},
    journal             =   ni,
    month               =   jul,
    pages               =   {271--290},
    pmid                =   {28267626},
    publisher           =   ap,
    title               =   {{Bayesian switching factor analysis for estimating time-varying functional connectivity in fMRI}},
    volume              =   {155},
    year                =   {2017}
}
@article{Tagliazucchi2014,
    author          =   {Tagliazucchi, Enzo and Laufs, Helmut},
    doi             =   {10.1016/j.neuron.2014.03.020},
    issn            =   {10974199},
    journal         =   {Neuron},
    keywords        =   {80 and over,Adolescent,Adult,Aged,Databases,Enzo Tagliazucchi,Factual,Female,Helmut Laufs,Humans,MEDLINE,Magnetic Resonance Imaging / methods*,Male,Middle Aged,NCBI,NIH,NLM,National Center for Biotechnology Information,National Institutes of Health,National Library of Medicine,Non-U.S. Gov't,PubMed Abstract,Randomized Controlled Trial,Research Support,Rest / physiology*,Sleep / physiology*,Wakefulness / physiology*,Young Adult,doi:10.1016/j.neuron.2014.03.020,pmid:24811386},
    month           =   may,
    number          =   {3},
    pages           =   {695--708},
    pmid            =   {24811386},
    publisher       =   {Cell Press},
    title           =   {{Decoding Wakefulness Levels from Typical fMRI Resting-State Data Reveals Reliable Drifts between Wakefulness and Sleep}},
    url             =   {https://pubmed.ncbi.nlm.nih.gov/24811386/},
    volume          =   {82},
    year            =   {2014}
}
@article{Tang2018,
    author          =   {Tang, Shi and Lu, Lu and Zhang, Lianqing and Hu, Xinyu and Bu, Xuan and Li, Hailong and Hu, Xiaoxiao and Gao, Yingxue and Zeng, Zirui and Gong, Qiyong and Huang, Xiaoqi},
    doi             =   {10.1016/J.EBIOM.2018.09.010},
    issn            =   {23523964},
    journal         =   {EBioMedicine},
    keywords        =     {Adolescents,Adults,Amygdala,Functional connectivity,Major depressive disorder,Meta-analysis},
    month           =   oct,
    pages           =   {436},
    pmid            =   {30316866},
    publisher       =   {Elsevier},
    title           =   {{Abnormal amygdala resting-state functional connectivity in adults and adolescents with major depressive disorder: A comparative meta-analysis}},
    url             =   {/pmc/articles/PMC6197798/ /pmc/articles/PMC6197798/?report=abstract https://www.ncbi.nlm.nih.gov/pmc/articles/PMC6197798/},
    volume          =   {36},
    year            =   {2018}
}
@misc{Tensorflow2015,
    title           =   {{TensorFlow}: Large-Scale Machine Learning on Heterogeneous Systems},
    url             =   {https://www.tensorflow.org/},
    note            =   {Software available from tensorflow.org},
    author          =   {
        Mart\'{i}n~Abadi and
        Ashish~Agarwal and
        Paul~Barham and
        Eugene~Brevdo and
        Zhifeng~Chen and
        Craig~Citro and
        Greg~S.~Corrado and
        Andy~Davis and
        Jeffrey~Dean and
        Matthieu~Devin and
        Sanjay~Ghemawat and
        Ian~Goodfellow and
        Andrew~Harp and
        Geoffrey~Irving and
        Michael~Isard and
        Yangqing Jia and
        Rafal~Jozefowicz and
        Lukasz~Kaiser and
        Manjunath~Kudlur and
        Josh~Levenberg and
        Dandelion~Man\'{e} and
        Rajat~Monga and
        Sherry~Moore and
        Derek~Murray and
        Chris~Olah and
        Mike~Schuster and
        Jonathon~Shlens and
        Benoit~Steiner and
        Ilya~Sutskever and
        Kunal~Talwar and
        Paul~Tucker and
        Vincent~Vanhoucke and
        Vijay~Vasudevan and
        Fernanda~Vi\'{e}gas and
        Oriol~Vinyals and
        Pete~Warden and
        Martin~Wattenberg and
        Martin~Wicke and
        Yuan~Yu and
        Xiaoqiang~Zheng},
    year            =   {2015},
}
@article{Thompson2018,
    author          =   {Thompson, William Hedley and Richter, Craig Geoffrey and Plav{\'{e}}n-Sigray, Pontus and Fransson, Peter},
    doi             =   {10.1371/journal.pcbi.1006196},
    issn            =   {15537358},
    journal         =   {PLoS Computational Biology},
    month           =   may,
    number          =   {5},
    pmid            =   {29813064},
    publisher       =   {Public Library of Science},
    title           =   {{Simulations to benchmark time-varying connectivity methods for fMRI}},
    volume          =   {14},
    year            =   {2018}
}
@inproceedings{Titsias2009,
    author      =   {Titsias, Michalis K},
    booktitle   =   {Journal of Machine Learning Research},
    issn        =   {15324435},
    pages       =   {567--574},
    title       =   {{Variational learning of inducing variables in sparse Gaussian processes}},
    volume      =   {5},
    year        =   {2009}
}

%%%%%%%%%%%%%%%%%%%%%%%%%%%%%%%%%%%%%%%%%%%%

@article{Uddin2019,
    author          =   {Uddin, Lucina Q. and Yeo, B. T. Thomas and Spreng, R. Nathan},
    booktitle       =   {Brain Topography},
    doi             =   {10.1007/s10548-019-00744-6},
    issn            =   {15736792},
    keywords        =   {Coactivation,Functional connectivity,Human connectome,Network neuroscience},
    number          =   {6},
    pages           =   {926--942},
    pmid            =   {31707621},
    title           =   {{Towards a Universal Taxonomy of Macro-scale Functional Human Brain Networks}},
    volume          =   {32},
    year            =   {2019}
}

%%%%%%%%%%%%%%%%%%%%%%%%%%%%%%%%%%%%%%%%%%%%

@article{VanEssen2013,
    author          =   {{Van Essen}, David C. and Smith, Stephen M. and Barch, Deanna M. and Behrens, Timothy E.J. and Yacoub, Essa and Ugurbil, Kamil},
    doi             =   {10.1016/j.neuroimage.2013.05.041},
    issn            =   {10538119},
    journal         =   ni,
    month           =   oct,
    pages           =   {62--79},
    pmid            =   {23684880},
    publisher       =   ap,
    title           =   {{The WU-Minn Human Connectome Project: An overview}},
    volume          =   {80},
    year            =   {2013}
}
@article{Vidaurre2017,
    author      =   {Vidaurre, Diego and Smith, Stephen M. and Woolrich, Mark W.},
    doi         =   {10.1073/pnas.1705120114},
    issn        =   {10916490},
    journal     =   pnasj,
    keywords    =   {Dynamic functional connectivity,Hidden Markov model,Metastates,Resting-state networks},
    month       =   nov,
    number      =   {48},
    pages       =   {12827--12832},
    publisher   =   {National Academy of Sciences},
    title       =   {{Brain network dynamics are hierarchically organized in time}},
    volume      =   {114},
    year        =   {2017}
}

%%%%%%%%%%%%%%%%%%%%%%%%%%%%%%%%%%%%%%%%%%%%%%%%

@article{Warnick2018,
    author      =   {Warnick, Ryan and Guindani, Michele and Erhardt, Erik and Allen, Elena and Calhoun, Vince D. and Vannucci, Marina},
    doi         =   {10.1080/01621459.2017.1379404},
    issn        =   {1537274X},
    journal     =   jasa,
    number      =   {521},
    pages       =   {134--151},
    publisher   =   {Taylor & Francis},
    title       =   {{A Bayesian Approach for Estimating Dynamic Functional Network Connectivity in fMRI Data}},
    url         =   {https://doi.org/10.1080/01621459.2017.1379404},
    volume      =   {113},
    year        =   {2018}
}
@article{Welvaert2013,
    author      =   {Welvaert, Marijke and Rosseel, Yves},
    doi         =   {10.1371/journal.pone.0077089},
    editor      =   {Yacoub, Essa},
    issn        =   {1932-6203},
    journal     =   {PLoS ONE},
    keywords    =   {Background signal noise,Experimental design,Functional magnetic resonance imaging,Gaussian noise,Magnetic resonance imaging,Signal processing,Signal to noise ratio,Tissue distribution},
    month       =   nov,
    number      =   {11},
    pages       =   {e77089},
    publisher   =   {Public Library of Science},
    title       =   {{On the Definition of Signal-To-Noise Ratio and Contrast-To-Noise Ratio for fMRI Data}},
    url         =   {https://dx.plos.org/10.1371/journal.pone.0077089},
    volume      =   {8},
    year        =   {2013}
}
@article{Welvaert2014,
    author      =   {Welvaert, Marijke and Rosseel, Yves},
    doi         =   {10.1371/journal.pone.0101953},
    issn        =   {19326203},
    journal     =   {PLoS ONE},
    number      =   {7},
    pmid        =   {25048024},
    title       =   {{A review of fMRI simulation studies}},
    volume      =   {9},
    year        =   {2014}
}
@article{Whooley2013,
    author      =   {Whooley, Mary A. and Wong, Jonathan M.},
    booktitle   =   {Annual Review of Clinical Psychology},
    doi         =   {10.1146/annurev-clinpsy-050212-185526},
    issn        =   {15485943},
    keywords    =   {coronary artery disease,major depressive disorder,psychiatry,treatment},
    month       =   mar,
    pages       =   {327--354},
    pmid        =   {23537487},
    title       =   {{Depression and cardiovascular disorders}},
    volume      =   {9},
    year        =   {2013}
}
@article{Wilk2020,
    title               =   {A framework for interdomain and multioutput Gaussian processes},
    author              =   {{van der Wilk}, Mark and Dutordoir, Vincent and John, ST and Artemev, Artem and Adam, Vincent and Hensman, James},
    journal             =   {arXiv preprint arXiv:2003.01115},
    year                =   {2020}
}
@article{Wilkinson2021,
    archivePrefix       =   {arXiv},
    arxivId             =   {2103.10710},
    author              =   {Wilkinson, William J. and Solin, Arno and Adam, Vincent},
    eprint              =   {2103.10710},
    month               =   mar,
    title               =   {{Sparse Algorithms for Markovian Gaussian Processes}},
    url                 =   {http://arxiv.org/abs/2103.10710},
    year                =   {2021}
}
@article{Willinger2022,
    author              =   {Willinger, David and Karipidis, Iliana I. and H{\"{a}}berling, Isabelle and Berger, Gregor and Walitza, Susanne and Brem, Silvia},
    doi                 =   {10.1038/s41398-022-01955-5},
    issn                =   {2158-3188},
    journal             =   {Translational Psychiatry 2022 12:1},
    keywords            =   {Depression,Diagnostic markers,Human behaviour},
    month               =   may,
    number              =   {1},
    pages               =   {1--10},
    pmid                =   {35538052},
    publisher           =   {Nature Publishing Group},
    title               =   {{Deficient prefrontal-amygdalar connectivity underlies inefficient face processing in adolescent major depressive disorder}},
    url                 =   {https://www.nature.com/articles/s41398-022-01955-5},
    volume              =   {12},
    year                =   {2022}
}
@inproceedings{Wilson2010,
    author              =   {Wilson, Andrew Gordon and Ghahramani, Zoubin},
    title               =   {Generalised Wishart processes},
    booktitle           =   {Proceedings of the 27th Conference on Uncertainty in Artificial Intelligence, UAI 2011},
    journal             =   {arXiv preprint arXiv:1101.0240},
    year                =   {2010}
}
@inproceedings{Wilson2012,
    archivePrefix       =   {arXiv},
    arxivId             =   {1110.4411},
    author              =   {Wilson, Andrew Gordon and Knowles, David A and Ghahramani, Zoubin},
    booktitle           =   {Proceedings of the 29th International Conference on Machine Learning, ICML 2012},
    eprint              =   {1110.4411},
    isbn                =   {9781450312851},
    pages               =   {599--606},
    title               =   {{Gaussian process regression networks}},
    url                 =   {http://mlg.eng.cam.ac.uk/andrew},
    volume              =   {1},
    year                =   {2012}
}
@article{Wilson2013,
    author              =   {Wilson, Andrew Gordon},
    number              =   {2010},
    pages               =   {2010--2013},
    title               =   {{The Change Point Kernel}},
    url                 =   {https://www.cs.cmu.edu/$\sim$andrewgw/changepoints.pdf},
    year                =   {2013}
}
@article{Wise2017,
    author      =   {Wise, T. and Marwood, L. and Perkins, A. M. and Herane-Vives, A. and Joules, R. and Lythgoe, D. J. and Luh, W. M. and Williams, S. C.R. and Young, A. H. and Cleare, A. J. and Arnone, D.},
    doi         =   {10.1038/tp.2017.40},
    issn        =   {21583188},
    journal     =   {Translational Psychiatry},
    keywords    =   {Biomarkers,Neuroscience},
    month       =   apr,
    number      =   {4},
    pages       =   {e1105--e1105},
    pmid        =   {28440813},
    publisher   =   {Nature Publishing Group},
    title       =   {{Instability of default mode network connectivity in major depression: A two-sample confirmation study}},
    url         =   {https://www.nature.com/articles/tp201740},
    volume      =   {7},
    year        =   {2017}
}

%%%%%%%%%%%%%%%%%%%%%%%%%%%%%%%%%%%%%%%%%%%%%

@article{Xie2019,
    author              =   {Xie, Hua and Zheng, Charles Y. and Handwerker, Daniel A. and Bandettini, Peter A. and Calhoun, Vince D. and Mitra, Sunanda and Gonzalez-Castillo, Javier},
    doi                 =   {10.1016/j.neuroimage.2018.12.037},
    issn                =   {10959572},
    journal             =   ni,
    keywords            =   {Cognitive information,Dynamic conditional correlation,Dynamic functional connectivity,Jackknife correlation,Multiplication of temporal derivatives,Sliding window correlation},
    number              =   {August 2018},
    pages       =   {502--514},
    pmid        =   {30576850},
    publisher   =   {Elsevier Ltd},
    title       =   {{Efficacy of different dynamic functional connectivity methods to capture cognitively relevant information}},
    url         =   {https://doi.org/10.1016/j.neuroimage.2018.12.037},
    volume      =   {188},
    year        =   {2019}
}
@article{Xu2015,
    author      =   {Xu, Yuting and Lindquist, Martin A.},
    doi         =   {10.3389/fnins.2015.00285},
    issn        =   {1662-453X},
    journal     =   fin,
    keywords    =   {change point detection,dynamic functional connectivity,functional connectivity,network dynamics,resting state fMRI},
    month       =   sep,
    number      =   {JUL},
    pages       =   {285},
    publisher   =   {Frontiers Research Foundation},
    title       =   {{Dynamic connectivity detection: an algorithm for determining functional connectivity change points in fMRI data}},
    url         =   {http://journal.frontiersin.org/Article/10.3389/fnins.2015.00285/abstract},
    volume      =   {9},
    year        =   {2015}
}

%%%%%%%%%%%%%%%%%%%%%%%%%%%%%%%%%%%%%%%%%%%

@article{Yan2019,
    author      =   {Yan, Chao Gan and Chen, Xiao and Li, Le and Castellanos, Francisco Xavier and Bai, Tong Jian and Bo, Qi Jing and Cao, Jun and Chen, Guan Mao and Chen, Ning Xuan and Chen, Wei and Cheng, Chang and Cheng, Yu Qi and Cui, Xi Long and Duan, Jia and Fang, Yi Ru and Gong, Qi Yong and Guo, Wen Bin and Hou, Zheng Hua and Hu, Lan and Kuang, Li and Li, Feng and Li, Kai Ming and Li, Tao and Liu, Yan Song and Liu, Zhe Ning and Long, Yi Cheng and Luo, Qing Hua and Meng, Hua Qing and Peng, Dai Hui and Qiu, Hai Tang and Qiu, Jiang and Shen, Yue Di and Shi, Yu Shu and Wang, Chuan Yue and Wang, Fei and Wang, Kai and Wang, Li and Wang, Xiang and Wang, Ying and Wu, Xiao Ping and Wu, Xin Ran and Xie, Chun Ming and Xie, Guang Rong and Xie, Hai Yan and Xie, Peng and Xu, Xiu Feng and Yang, Hong and Yang, Jian and Yao, Jia Shu and Yao, Shu Qiao and Yin, Ying Ying and Yuan, Yong Gui and Zhang, Ai Xia and Zhang, Hong and Zhang, Ke Rang and Zhang, Lei and Zhang, Zhi Jun and Zhou, Ru Bai and Zhou, Yi Ting and Zhu, Jun Juan and Zou, Chao Jie and Si, Tian Mei and Zuo, Xi Nian and Zhao, Jing Ping and Zang, Yu Feng},
    doi         =   {10.1073/PNAS.1900390116/SUPPL_FILE/PNAS.1900390116.SAPP.PDF},
    issn        =   {10916490},
    journal     =   pnasj,
    keywords    =   {Default mode network,Disorder,Functional connectivity,Major depressive,REST-meta-MDD,Resting-state fMR},
    month       =   apr,
    number      =   {18},
    pages       =   {9078--9083},
    pmid        =   {30979801},
    publisher   =   nas,
    title       =   {{Reduced default mode network functional connectivity in patients with recurrent major depressive disorder}},
    url         =   {www.pnas.org/cgi/doi/10.1073/pnas.1900390116},
    volume      =   {116},
    year        =   {2019}
}
@article{Yarkoni2017,
    author      =   {Yarkoni, Tal and Westfall, Jacob},
    doi         =   {10.1177/1745691617693393},
    issn        =   {17456924},
    journal     =   pps,
    month       =   nov,
    number      =   {6},
    pages       =   {1100--1122},
    pmid        =   {28841086},
    publisher   =   sage,
    title       =   {{Choosing Prediction Over Explanation in Psychology: Lessons From Machine Learning}},
    url         =   {https://pubmed.ncbi.nlm.nih.gov/28841086/},
    volume      =   {12},
    year        =   {2017}
}
@article{Yeo2011,
    author      =   {{Thomas Yeo}, B. T. and Krienen, Fenna M. and Sepulcre, Jorge and Sabuncu, Mert R. and Lashkari, Danial and Hollinshead, Marisa and Roffman, Joshua L. and Smoller, Jordan W. and Z{\"{o}}llei, Lilla and Polimeni, Jonathan R. and Fisch, Bruce and Liu, Hesheng and Buckner, Randy L.},
    doi         =   {10.1152/JN.00338.2011},
    issn        =   {00223077},
    journal     =   {Journal of Neurophysiology},
    keywords    =   {Association cortex,Connectome,Default network,Functional connectivity,Functional magnetic resonance imaging,Parietal,Prefrontal},
    month       =   sep,
    number      =   {3},
    pages       =   {1125},
    pmid        =   {21653723},
    publisher   =   {American Physiological Society},
    title       =   {{The organization of the human cerebral cortex estimated by intrinsic functional connectivity}},
    url         =   {/pmc/articles/PMC3174820/ /pmc/articles/PMC3174820/?report=abstract https://www.ncbi.nlm.nih.gov/pmc/articles/PMC3174820/},
    volume      =   {106},
    year        =   {2011}
}

%%%%%%%%%%%%%%%%%%%%%%%%%%%%%%%%%%%%%%%%%%%%%%

@article{Zalesky2012,
    author        =   {Zalesky, Andrew and Fornito, Alex and Bullmore, Ed},
    doi           =   {10.1016/j.neuroimage.2012.02.001},
    issn          =   {10538119},
    journal       =   ni,
    keywords      =   {Brain connectivity,Connectome,Correlation,Partial correlation,Small-world network,Transitivity},
    month         =   may,
    number        =   {4},
    pages         =   {2096--2106},
    title         =   {{On the use of correlation as a measure of network connectivity}},
    volume        =   {60},
    year          =   {2012}
}
@article{Zalesky2014,
    author    =   {Zalesky, Andrew and Fornito, Alex and Cocchi, Luca and Gollo, Leonardo L. and Breakspear, Michael},
    doi       =   {10.1073/pnas.1400181111},
    issn      =   {10916490},
    journal   =   pnasj,
    keywords  =   {Dynamic connectivity,Network efficiency,Time-dependent network},
    month     =   jul,
    number    =   {28},
    pages     =   {10341--10346},
    pmid      =   {24982140},
    publisher =   nas,
    title     =   {{Time-resolved resting-state brain networks}},
    url       =   {www.pnas.org/cgi/doi/10.1073/pnas.1400181111},
    volume    =   {111},
    year      =   {2014}
}
@article{Zalesky2015,
    author    =   {Zalesky, Andrew and Breakspear, Michael},
    booktitle =   ni,
    doi       =   {10.1016/j.neuroimage.2015.03.047},
    issn      =   {10959572},
    keywords  =   {Dynamic connectivity,Functional connectivity,Non-stationarity,Sliding window,Time-resolved networks},
    month     =   jul,
    pages     =   {466--470},
    pmid      =   {25818688},
    publisher =   ap,
    title     =   {{Towards a statistical test for functional connectivity dynamics}},
    volume    =   {114},
    year      =   {2015}
}
@article{Zhang2016,
    author    =   {Zhang, Zitong and Telesford, Qawi K. and Giusti, Chad and Lim, Kelvin O. and Bassett, Danielle S.},
    doi       =   {10.1371/journal.pone.0157243},
    title     =   {{Choosing Wavelet Methods, Filters, and Lengths for Functional Brain Network Construction}},
    url       =   {http://datadryad.org/review?doi=doi:10.5061/dryad.86n40.},
    year      =   {2016}
}
@article{Zhang2018,
    author    =   {Zhang, Chao and Baum, Stefi A. and Adduru, Viraj R. and Biswal, Bharat B. and Michael, Andrew M.},
    doi       =   {10.1016/j.neuroimage.2018.08.021},
    issn      =   {10959572},
    journal   =   ni,
    keywords  =   {Dynamic functional connectivity,Reliability,Resting state,fMRI},
    month     =   dec,
    pages     =   {907--918},
    pmid      =   {30120987},
    publisher =   ap,
    title     =   {{Test-retest reliability of dynamic functional connectivity in resting state fMRI}},
    volume    =   {183},
    year      =   {2018}
}
@article{Zhang2020,
    author    =   {Zhang, Aixia and Yang, Chunxia and Li, Gaizhi and Wang, Yanfang and Liu, Peng Hong and Liu, Zhifen and Sun, Ning and Zhang, Kerang},
    doi       =   {10.1016/j.jad.2020.05.053},
    issn      =   {15732517},
    journal   =   jad,
    keywords  =   {Amygdala,Depression status,Functional connectivity,Major depressive disorder,Prefrontal cortex},
    month     =   sep,
    pages     =   {897--902},
    pmid      =   {32664030},
    publisher =   {Elsevier},
    title     =   {{Functional connectivity of the prefrontal cortex and amygdala is related to depression status in Major Depressive Disorder}},
    volume    =   {274},
    year      =   {2020}
}
@article{Zhao2019,
    author    =   {Zhao, Qinghua and Swati, Zarnawab N.K. and Metmer, Hichem and Sang, Xiaoshuang and Lu, Jianfeng},
    doi       =   {10.1016/J.NEULET.2019.02.045},
    issn      =   {1872-7972},
    journal   =   {Neuroscience letters},
    keywords  =   {Adolescent,Adult,Brain / physiopathology,Brain Mapping,Case-Control Studies,Depressive Disorder,Executive Function,Female,Humans,Jianfeng Lu,MEDLINE,Magnetic Resonance Imaging,Major / physiopathology*,Major / psychology,Male,Middle Aged,NCBI,NIH,NLM,National Center for Biotechnology Information,National Institutes of Health,National Library of Medicine,Neural Pathways / physiopathology,Non-U.S. Gov't,PubMed Abstract,Qinghua Zhao,Research Support,Young Adult,Zarnawab N K Swati,doi:10.1016/j.neulet.2019.02.045,pmid:30831152},
    month     =   may,
    pages     =   {154--161},
    pmid      =   {30831152},
    publisher =   {Neurosci Lett},
    title     =   {{Investigating executive control network and default mode network dysfunction in major depressive disorder}},
    url       =   {https://pubmed.ncbi.nlm.nih.gov/30831152/},
    volume    =   {701},
    year      =   {2019}
}
@article{Zhou2020,
    author    =   {Zhou, Hui Xia and Chen, Xiao and Shen, Yang Qian and Li, Le and Chen, Ning Xuan and Zhu, Zhi Chen and Castellanos, Francisco Xavier and Yan, Chao Gan},
    booktitle =   ni,
    doi       =   {10.1016/j.neuroimage.2019.116287},
    issn      =   {10959572},
    keywords  =   {Core regions,Default mode network,Depression,Dorsal medial prefrontal cortex subsystem,Rumination},
    month     =   feb,
    pages     =   {116287},
    pmid      =   {31655111},
    publisher =   ap,
    title     =   {{Rumination and the default mode network: Meta-analysis of brain imaging studies and implications for depression}},
    volume    =   {206},
    year      =   {2020}
}
